2588 4448
224 155 722 285 Sermonem-Domini.
759 172 916 282 Matt.
935 210 975 303 5.
1047 214 1142 303 251

64 335 219 456 {opulus
242 335 423 433 definitos
442 338 569 449 aDeo
590 332 840 419 constitutum
853 349 948 436 erat,
974 329 1145 423 aliovor·
1190 409 1193 416 ,

64 472 132 525 ‚um
153 467 315 526 traxere.

104 554 178 637 Sed
203 553 302 636 illud
321 577 478 663 quoque
504 551 633 633 notari
658 553 867 655 convenit,
903 578 986 635 non
1007 552 1148 661 ‘omnia'

64 683 244 770 >excepta
266 662 424 746 Divinae
448 660 565 770 Legis
587 660 761 744 omnium
782 658 892 742 fuille
917 663 1148 770 temporum.

64 776 155 853 ¹lam
182 798 270 881 quae
291 771 340 853 de
365 769 516 881 praediis
538 788 648 851 erant
671 771 893 871 constituta,
926 778 972 853 ea'
999 790 1148 852 certum

64 882 104 962 :st
137 881 181 962 in
206 879 339 963 exsilio
374 878 720 980 Babyloniconon
753 875 917 987 potuill'e
941 877 1151 986 obstmari,

64 1016 137 1071 :um
158 989 301 1096 praedia
321 987 451 1072 vidior
464 988 670 1070 obtineret.
710 989 770 1071 Sic
787 988 905 1069 etiam
927 990 1012 1094 post
1028 984 1148 1070 trans-

64 1116 168 1180 atam
191 1097 232 1177 in
246 1102 445 1180 Romanos
463 1097 645 1177 summam
661 1096 825 1204 imperii,
853 1094 920 1176 etsi
941 1099 1156 1192 manebant*¹

64 1205 105 1288 ni
133 1234 181 1288 ua
199 1206 338 1289 veteris
363 1206 601 1313 Reipublicae
621 1205 793 1317 vestigia,
828 1205 930 1313 le'ge's
947 1226 1075 1289 tamen
1099 1206 1150 1289 de
1247 1304 1249 1308 Α

64 1236 159 1397 aelio
176 1316 384 1398 indicendo
395 1315 641 1424 gerendoque
666 1313 955 1422 filebant··quia
976 1314 1149 1400 eminen-

64 1424 135 1507 :ior
158 1424 226 1506 illa
250 1427 436 1530 potestas·
453 1446 539 1533 quae
565 1450 759 1505 armorum
786 1423 1074 1519 movendorum¹
1093 1425 1149 1508 ‘us

65 1563 92 1615 n
113 1531 156 1616 se
180 1533 466 1641 complectitur,
492 1533 540 1615 ad
563 1536 762 1616 Romanos
791 1532 999 1615 tranfierat.
1054 1452 1151 1617 llon

64 1662 139 1724 erat
168 1667 264 1753 ergo
289 1642 407 1750 quon
424 1640 568 1725 Christi
594 1662 769 1747 tempore
789 1641 918 1757 Judaei
938 1643 1046 1751 leges
1065 1640 1151 1752 ejus

64 1752 210 1858 teneris
224 1750 293 1832 suo
310 1752 350 1831 in
367 1751 457 1833 alias
475 1772 607 1860 gentes
624 1751 721 1832 odio
744 1751 1014 1849 obtenderent.
1056 1752 1152 1845 Suo,

64 1822 145 1942 lautis
163 1860 282 1968 igitur
293 1861 368 1942 illis
385 1859 677 1967 exceptionibus
690 1887 782 1969 quas
796 1859 908 1942 certis
920 1860 1035 1943 causta
1047 1864 1154 1944 Deus

64 1966 344 2077 inscripserat,
371 1970 563 2080 integrum
587 1972 764 2052 manebat
772 1976 841 2078 Jus
859 1972 1034 2071 Naturae,
1046 1970 1155 2077 quod

64 2079 235 2161 homines
248 2104 381 2161 omnes
394 2078 615 2175 hominibus
634 2078 888 2160 commendat.
918 2074 1152 2185 οὐδ’ἂςὲχθρὶς

64 2186 104 2296 τῷ
121 2184 291 2295 molatio,
315 2191 433 2269 Nemo
454 2184 557 2295 bostis
584 2186 776 2293 virobono,
799 2206 947 2271 veteres
968 2181 1155 2294 sapientes

64 2296 187 2379 licere
209 2293 342 2378 solitos
359 2298 414 2378 ait
438 2296 649 2380 Hierocles.
691 2304 781 2381 Huc
807 2296 981 2379 Christus
999 2295 1154 2407 Judaeos

64 2405 255 2488 retrahens
278 2403 455 2512 ptaecipit
479 2403 625 2512 aliquid
655 2407 775 2516 majus
797 2409 904 2511 Lege
931 2405 1055 2490 Civili
1084 2413 1155 2520 Ju-

64 2514 178 2597 daici.
214 2512 312 2595 Ideo
332 2528 411 2596 non
431 2514 531 2596 male
549 2515 825 2619 Tertullianus,
850 2516 929 2594 Lex
943 2532 1041 2595 vetus
1060 2540 1156 2593 amo·

64 2652 131 2705 rem
148 2618 243 2702 docet
257 2620 296 2702 in
310 2622 500 2732 proximus,
525 2624 632 2702 Nova
653 2623 692 2703 in
709 2640 904 2705 extremas.
939 2627 1079 2731 Neque
1096 2640 1161 2704 ta·

64 2756 149 2813 men
162 2730 270 2838 quod
299 2732 471 2815 Christus
486 2731 620 2813 docuit
647 2758 735 2813 cum
748 2738 855 2842 Lege
880 2729 1156 2840 Mofispugna·

64 2841 139 2941 bat,
165 2840 249 2920 -imo
262 2851 298 2925 ὅ(
323 2839 426 2946 apud
445 2838 595 2922 Molem
611 2840 716 2955 Juris
737 2839 1041 2950 istiu'spetpetui
1061 2866 1155 2935 ¹non

64 2948 221 3031 obscura
246 2950 442 3030 exstabant
471 2949 639 3057 vestigia.
673 2954 775 3033 Nam
804 2960 853 3032 eo
871 2951 960 3061 jure
979 2948 1159 3032 vixetaut‘

64 3057 317 3158 abrahamus,
330 3055 676 3170 lsaacusdacobus,
688 3057 1076 3172 Josephus‚homincs
1091 3056 1167 3151 det*

64 3165 253 3248 metendis
275 3165 496 3248 hominibus
509 3168 604 3267 nati,
622 3168 690 3274 qui
706 3186 861 3249 omnem
871 3165 1054 3249 ‘beneficii
1072 3166 1165 3263 col-'³

64 3274 230 3363 locandi·
244 3275 477 3358 occasionem
502 3275 699 3383 ponebant
717 3277 911 3366 in·-lu‘cro-5
935 3285 1159 3385 ‘quanquam

64 3381 219 3466 illorum
234 3404 452 3491 temporum
473 3383 638 3466 dileetio
657 3412 737 3470 non
761 3386 847 3468 talis
864 3412 918 3473 -ac
945 3404 1053 3471 tauta
1075 3403 1160 3466 erat

64 3512 247 3598 quantam
277 3493 450 3576 Christus
465 3490 664 3601 ''piaecepit
686 3507 722 3579 ἃ
748 3497 925 3601 exemplo
947 3491 1017 3575 suo
1048 3505 1168 3579 mou-'

64 3599 217 3685 stravit:
247 3600 343 3684 Ideo
356 3602 436 3684 haec
459 3622 648 3708 praecepta
661 3629 741 3685 non
764 3601 834 3684 nist
850 3598 952 3711 apud
974 3601 1160 3686 Christia-

64 3738 135 3793 nos
151 3709 327 3818 reperiri‚
354 3711 407 3790 ait
421 3713 706 3807 Nazianzenus.

118 3848 183 3918 44.·
211 3820 360 3917 naenia
385 3818 445 3903 τὲς
475 3818 598 3928 ὲχθρὲς,
641 3817 776 3928 diligite
802 3818 958 3919 inimicos
989 3819 1160 3931 astron]

64 3926 189 4034 εχθρὲς
202 3925 360 4009 inimicos
387 3951 502 4014 vocat
527 3924 679 4010 eosdem
709 3956 806 4036 quos
823 3924 983 4038 meiana
1007 3927 1083 4010 odio
1103 3957 1165 4008 ac·

64 4038 190 4145 censos,
216 4036 284 4149 qui
299 4034 429 4154 hostili
447 4036 488 4137 iu
514 4050 587 4121 nos'
612 4033 700 4160 sunt
715 4037 871 4121 animoa
900 4034 1163 4223 ροτείὶςυοὲἱ

587 4155 688 4232 112
1146 4169 1177 4223 e
