<?xml version="1.0" encoding="UTF-8"?>
<!DOCTYPE html PUBLIC "-//W3C//DTD XHTML 1.0 Transitional//EN"
    "http://www.w3.org/TR/xhtml1/DTD/xhtml1-transitional.dtd">
<html xmlns="http://www.w3.org/1999/xhtml" xml:lang="en" lang="en">
 <head>
  <title>
</title>
<meta http-equiv="Content-Type" content="text/html;charset=utf-8" />
  <meta name='ocr-system' content='tesseract 3.04.00' />
  <meta name='ocr-capabilities' content='ocr_page ocr_carea ocr_par ocr_line ocrx_word'/>
</head>
<body>
  <div class='ocr_page' id='page_1' title='image "./hugonisgrotiiba01grotgoog_0022.png"; bbox 0 0 2588 4448; ppageno 0'>
   <div class='ocr_carea' id='block_1_1' title="bbox 446 113 1156 252">
    <p class='ocr_par' dir='ltr' id='par_1_1' title="bbox 446 113 1156 252">
     <span class='ocr_line' id='line_1_1' title="bbox 446 113 1156 252; baseline 0.006 -33"><span class='ocrx_word' id='word_1_1' title='bbox 446 113 760 252; x_wconf 78' lang='lat' dir='ltr'>Eucharistia.</span> <span class='ocrx_word' id='word_1_2' title='bbox 1094 150 1156 247; x_wconf 88' lang='lat'>15</span> 
     </span>
    </p>
   </div>
   <div class='ocr_carea' id='block_1_2' title="bbox 52 265 1166 3984">
    <p class='ocr_par' dir='ltr' id='par_1_2' title="bbox 52 265 984 595">
     <span class='ocr_line' id='line_1_2' title="bbox 52 265 984 378; baseline -0.003 -24"><span class='ocrx_word' id='word_1_3' title='bbox 52 276 117 354; x_wconf 91' lang='lat' dir='ltr'>Ut</span> <span class='ocrx_word' id='word_1_4' title='bbox 139 269 218 378; x_wconf 77' lang='lat' dir='ltr'>ejus</span> <span class='ocrx_word' id='word_1_5' title='bbox 238 265 495 376; x_wconf 80' lang='lat' dir='ltr'>opibusipsa,</span> <span class='ocrx_word' id='word_1_6' title='bbox 520 294 607 376; x_wconf 87' lang='lat' dir='ltr'>quae</span> <span class='ocrx_word' id='word_1_7' title='bbox 630 269 685 350; x_wconf 92' lang='lat' dir='ltr'>nil</span> <span class='ocrx_word' id='word_1_8' title='bbox 706 266 883 377; x_wconf 88' lang='lat' dir='ltr'>poffidet,</span> <span class='ocrx_word' id='word_1_9' title='bbox 981 294 984 299; x_wconf 82' lang='grc'><strong>’</strong></span> 
     </span>
     <span class='ocr_line' id='line_1_3' title="bbox 52 373 916 486; baseline -0.001 -24"><span class='ocrx_word' id='word_1_10' title='bbox 52 387 211 462; x_wconf 85' lang='lat' dir='ltr'>Famem</span> <span class='ocrx_word' id='word_1_11' title='bbox 240 373 416 486; x_wconf 88' lang='lat' dir='ltr'>fitirnque</span> <span class='ocrx_word' id='word_1_12' title='bbox 442 374 566 458; x_wconf 84' lang='lat' dir='ltr'>satiet.</span> <span class='ocrx_word' id='word_1_13' title='bbox 607 385 702 460; x_wconf 86' lang='lat' dir='ltr'>Haec</span> <span class='ocrx_word' id='word_1_14' title='bbox 731 377 916 461; x_wconf 84' lang='lat' dir='ltr'>veriffima</span> 
     </span>
     <span class='ocr_line' id='line_1_4' title="bbox 52 483 804 595; baseline -0.005 -26"><span class='ocrx_word' id='word_1_15' title='bbox 52 488 212 570; x_wconf 87' lang='lat' dir='ltr'>Amoris</span> <span class='ocrx_word' id='word_1_16' title='bbox 223 487 276 566; x_wconf 87' lang='lat' dir='ltr'>est</span> <span class='ocrx_word' id='word_1_17' title='bbox 287 491 419 595; x_wconf 84' lang='lat' dir='ltr'>origo:</span> <span class='ocrx_word' id='word_1_18' title='bbox 449 483 513 568; x_wconf 87' lang='lat' dir='ltr'>sed</span> <span class='ocrx_word' id='word_1_19' title='bbox 537 511 652 568; x_wconf 82' lang='lat' dir='ltr'>uento</span> <span class='ocrx_word' id='word_1_20' title='bbox 674 491 804 568; x_wconf 90' lang='lat' dir='ltr'>Deum</span> 
     </span>
    </p>

    <p class='ocr_par' dir='ltr' id='par_1_3' title="bbox 54 593 938 1138">
     <span class='ocr_line' id='line_1_5' title="bbox 54 593 938 705; baseline 0.002 -27"><span class='ocrx_word' id='word_1_21' title='bbox 54 604 198 678; x_wconf 85' lang='lat' dir='ltr'>Amare</span> <span class='ocrx_word' id='word_1_22' title='bbox 216 593 340 702; x_wconf 84' lang='lat' dir='ltr'>poffit,</span> <span class='ocrx_word' id='word_1_23' title='bbox 367 621 482 705; x_wconf 87' lang='lat' dir='ltr'>quern</span> <span class='ocrx_word' id='word_1_24' title='bbox 506 599 708 697; x_wconf 86' lang='lat' dir='ltr'>Deusnon</span> <span class='ocrx_word' id='word_1_25' title='bbox 724 619 816 676; x_wconf 90' lang='lat' dir='ltr'>ante</span> <span class='ocrx_word' id='word_1_26' title='bbox 836 619 938 680; x_wconf 75' lang='lat' dir='ltr'>atttet</span> 
     </span>
     <span class='ocr_line' id='line_1_6' title="bbox 55 703 896 807; baseline -0.004 -20"><span class='ocrx_word' id='word_1_27' title='bbox 55 710 158 788; x_wconf 88' lang='lat' dir='ltr'>Nam</span> <span class='ocrx_word' id='word_1_28' title='bbox 184 703 277 786; x_wconf 89' lang='lat' dir='ltr'>ficut</span> <span class='ocrx_word' id='word_1_29' title='bbox 296 705 430 784; x_wconf 84' lang='lat' dir='ltr'>oculus</span> <span class='ocrx_word' id='word_1_30' title='bbox 446 705 529 785; x_wconf 88' lang='lat' dir='ltr'>luce</span> <span class='ocrx_word' id='word_1_31' title='bbox 544 732 626 786; x_wconf 93' lang='lat' dir='ltr'>non</span> <span class='ocrx_word' id='word_1_32' title='bbox 649 725 797 785; x_wconf 86' lang='lat' dir='ltr'>tanturn</span> <span class='ocrx_word' id='word_1_33' title='bbox 818 703 896 807; x_wconf 74' lang='lat' dir='ltr'>suti,</span> 
     </span>
     <span class='ocr_line' id='line_1_7' title="bbox 55 810 868 934; baseline -0.004 -38"><span class='ocrx_word' id='word_1_34' title='bbox 55 815 129 896; x_wconf 86' lang='lat' dir='ltr'>Sed</span> <span class='ocrx_word' id='word_1_35' title='bbox 150 813 250 896; x_wconf 89' lang='lat' dir='ltr'>Solis</span> <span class='ocrx_word' id='word_1_36' title='bbox 262 810 385 919; x_wconf 86' lang='lat' dir='ltr'>ipsum</span> <span class='ocrx_word' id='word_1_37' title='bbox 411 813 495 895; x_wconf 88' lang='lat' dir='ltr'>luce</span> <span class='ocrx_word' id='word_1_38' title='bbox 520 813 649 897; x_wconf 87' lang='lat' dir='ltr'>Solem</span> <span class='ocrx_word' id='word_1_39' title='bbox 664 810 868 934; x_wconf 85' lang='lat' dir='ltr'>conspicit,</span> 
     </span>
     <span class='ocr_line' id='line_1_8' title="bbox 57 918 864 1030; baseline -0.004 -28"><span class='ocrx_word' id='word_1_40' title='bbox 57 924 244 1030; x_wconf 86' lang='lat' dir='ltr'>Idemque</span> <span class='ocrx_word' id='word_1_41' title='bbox 262 923 331 1029; x_wconf 92' lang='lat' dir='ltr'>qui</span> <span class='ocrx_word' id='word_1_42' title='bbox 355 920 521 1027; x_wconf 87' lang='lat' dir='ltr'>videtur,</span> <span class='ocrx_word' id='word_1_43' title='bbox 546 932 582 1008; x_wconf 65' lang='grc' dir='ltr'>ὃ(</span> <span class='ocrx_word' id='word_1_44' title='bbox 607 918 864 1005; x_wconf 71' lang='lat' dir='ltr'>visunttacit:</span> 
     </span>
     <span class='ocr_line' id='line_1_9' title="bbox 58 1028 884 1138; baseline -0.004 -25"><span class='ocrx_word' id='word_1_45' title='bbox 58 1029 252 1115; x_wconf 85' lang='lat' dir='ltr'>Adversus</span> <span class='ocrx_word' id='word_1_46' title='bbox 276 1040 313 1116; x_wconf 70' lang='grc' dir='ltr'>ὃ(</span> <span class='ocrx_word' id='word_1_47' title='bbox 335 1057 405 1114; x_wconf 83' lang='lat' dir='ltr'>nos</span> <span class='ocrx_word' id='word_1_48' title='bbox 418 1030 467 1113; x_wconf 85' lang='lat' dir='ltr'>fic</span> <span class='ocrx_word' id='word_1_49' title='bbox 482 1030 558 1113; x_wconf 89' lang='lat' dir='ltr'>Dei</span> <span class='ocrx_word' id='word_1_50' title='bbox 573 1031 683 1138; x_wconf 89' lang='lat' dir='ltr'>prior</span> <span class='ocrx_word' id='word_1_51' title='bbox 695 1028 747 1111; x_wconf 88' lang='lat' dir='ltr'>est</span> <span class='ocrx_word' id='word_1_52' title='bbox 761 1051 884 1132; x_wconf 88' lang='lat' dir='ltr'>amor,</span> 
     </span>
    </p>

    <p class='ocr_par' dir='ltr' id='par_1_4' title="bbox 58 1139 1081 1685">
     <span class='ocr_line' id='line_1_10' title="bbox 58 1139 896 1224; baseline -0.001 -1"><span class='ocrx_word' id='word_1_53' title='bbox 58 1149 113 1224; x_wconf 86' lang='lat' dir='ltr'>Et</span> <span class='ocrx_word' id='word_1_54' title='bbox 136 1140 243 1223; x_wconf 87' lang='lat' dir='ltr'>causa</span> <span class='ocrx_word' id='word_1_55' title='bbox 260 1139 379 1222; x_wconf 88' lang='lat' dir='ltr'>nostri</span> <span class='ocrx_word' id='word_1_56' title='bbox 401 1139 540 1223; x_wconf 87' lang='lat' dir='ltr'>amoris</span> <span class='ocrx_word' id='word_1_57' title='bbox 561 1139 737 1223; x_wconf 84' lang='lat' dir='ltr'>adversus</span> <span class='ocrx_word' id='word_1_58' title='bbox 753 1145 896 1222; x_wconf 84' lang='lat' dir='ltr'>Deum.</span> 
     </span>
     <span class='ocr_line' id='line_1_11' title="bbox 59 1248 951 1358; baseline -0.001 -25"><span class='ocrx_word' id='word_1_59' title='bbox 59 1251 139 1333; x_wconf 90' lang='lat' dir='ltr'>Hic</span> <span class='ocrx_word' id='word_1_60' title='bbox 156 1272 198 1331; x_wconf 90' lang='lat' dir='ltr'>ut</span> <span class='ocrx_word' id='word_1_61' title='bbox 220 1251 354 1330; x_wconf 85' lang='lat' dir='ltr'>beetur</span> <span class='ocrx_word' id='word_1_62' title='bbox 370 1248 522 1358; x_wconf 89' lang='lat' dir='ltr'>quaetit,</span> <span class='ocrx_word' id='word_1_63' title='bbox 548 1248 615 1329; x_wconf 90' lang='lat' dir='ltr'>ille</span> <span class='ocrx_word' id='word_1_64' title='bbox 639 1270 767 1330; x_wconf 83' lang='lat' dir='ltr'>autern</span> <span class='ocrx_word' id='word_1_65' title='bbox 788 1268 832 1330; x_wconf 89' lang='lat' dir='ltr'>ut</span> <span class='ocrx_word' id='word_1_66' title='bbox 849 1249 951 1333; x_wconf 89' lang='lat' dir='ltr'>beet.</span> 
     </span>
     <span class='ocr_line' id='line_1_12' title="bbox 59 1356 937 1466; baseline -0.007 -22"><span class='ocrx_word' id='word_1_67' title='bbox 59 1364 144 1444; x_wconf 84' lang='lat' dir='ltr'>Nos</span> <span class='ocrx_word' id='word_1_68' title='bbox 162 1381 267 1441; x_wconf 88' lang='lat' dir='ltr'>certe</span> <span class='ocrx_word' id='word_1_69' title='bbox 282 1357 422 1466; x_wconf 79' lang='lat' dir='ltr'>egestas</span> <span class='ocrx_word' id='word_1_70' title='bbox 439 1356 567 1441; x_wconf 86' lang='lat' dir='ltr'>nostra</span> <span class='ocrx_word' id='word_1_71' title='bbox 583 1358 781 1466; x_wconf 86' lang='lat' dir='ltr'>propellit,</span> <span class='ocrx_word' id='word_1_72' title='bbox 808 1361 937 1439; x_wconf 84' lang='lat' dir='ltr'>Deum</span> 
     </span>
     <span class='ocr_line' id='line_1_13' title="bbox 58 1464 1081 1576; baseline -0.007 -25"><span class='ocrx_word' id='word_1_73' title='bbox 58 1471 155 1552; x_wconf 94' lang='lat' dir='ltr'>Non</span> <span class='ocrx_word' id='word_1_74' title='bbox 170 1466 250 1572; x_wconf 83' lang='lat' dir='ltr'>sua,</span> <span class='ocrx_word' id='word_1_75' title='bbox 272 1487 402 1549; x_wconf 84' lang='lat' dir='ltr'>tamen</span> <span class='ocrx_word' id='word_1_76' title='bbox 418 1465 496 1572; x_wconf 87' lang='lat' dir='ltr'>sua,</span> <span class='ocrx_word' id='word_1_77' title='bbox 518 1468 663 1576; x_wconf 89' lang='lat' dir='ltr'>quippe</span> <span class='ocrx_word' id='word_1_78' title='bbox 688 1464 903 1549; x_wconf 75' lang='lat' dir='ltr'>simulachri</span> <span class='ocrx_word' id='word_1_79' title='bbox 918 1465 994 1550; x_wconf 86' lang='lat' dir='ltr'>sui:</span> <span class='ocrx_word' id='word_1_80' title='bbox 1078 1526 1081 1530; x_wconf 22' lang='lat' dir='ltr'>a</span> 
     </span>
     <span class='ocr_line' id='line_1_14' title="bbox 60 1572 888 1685; baseline -0.002 -25"><span class='ocrx_word' id='word_1_81' title='bbox 60 1577 138 1660; x_wconf 89' lang='lat' dir='ltr'>Dei</span> <span class='ocrx_word' id='word_1_82' title='bbox 153 1578 208 1660; x_wconf 88' lang='lat' dir='ltr'>est</span> <span class='ocrx_word' id='word_1_83' title='bbox 225 1572 418 1685; x_wconf 78' lang='lat' dir='ltr'>proferto,</span> <span class='ocrx_word' id='word_1_84' title='bbox 449 1578 576 1661; x_wconf 86' lang='lat' dir='ltr'>nostra</span> <span class='ocrx_word' id='word_1_85' title='bbox 591 1604 673 1658; x_wconf 89' lang='lat' dir='ltr'>non</span> <span class='ocrx_word' id='word_1_86' title='bbox 691 1576 745 1657; x_wconf 88' lang='lat' dir='ltr'>est</span> <span class='ocrx_word' id='word_1_87' title='bbox 760 1575 888 1685; x_wconf 81' lang='lat' dir='ltr'>copia,</span> 
     </span>
    </p>

    <p class='ocr_par' dir='ltr' id='par_1_5' title="bbox 59 1682 985 1788">
     <span class='ocr_line' id='line_1_15' title="bbox 59 1682 985 1788; baseline -0.001 -19"><span class='ocrx_word' id='word_1_88' title='bbox 59 1693 110 1769; x_wconf 82' lang='lat' dir='ltr'>Et</span> <span class='ocrx_word' id='word_1_89' title='bbox 123 1686 253 1768; x_wconf 86' lang='lat' dir='ltr'>nostra</span> <span class='ocrx_word' id='word_1_90' title='bbox 267 1707 395 1768; x_wconf 89' lang='lat' dir='ltr'>tamen</span> <span class='ocrx_word' id='word_1_91' title='bbox 409 1686 475 1788; x_wconf 86' lang='lat' dir='ltr'>est,</span> <span class='ocrx_word' id='word_1_92' title='bbox 500 1712 587 1769; x_wconf 87' lang='lat' dir='ltr'>cum</span> <span class='ocrx_word' id='word_1_93' title='bbox 606 1683 652 1769; x_wconf 83' lang='lat' dir='ltr'>fit</span> <span class='ocrx_word' id='word_1_94' title='bbox 678 1682 721 1774; x_wconf 86' lang='lat' dir='ltr'>in</span> <span class='ocrx_word' id='word_1_95' title='bbox 740 1686 852 1768; x_wconf 89' lang='lat' dir='ltr'>nobis</span> <span class='ocrx_word' id='word_1_96' title='bbox 868 1691 985 1769; x_wconf 65' lang='lat' dir='ltr'>Deus⁴</span> 
     </span>
    </p>

    <p class='ocr_par' dir='ltr' id='par_1_6' title="bbox 60 1790 1163 2124">
     <span class='ocr_line' id='line_1_16' title="bbox 60 1790 1075 1906; baseline 0.002 -30"><span class='ocrx_word' id='word_1_97' title='bbox 60 1796 180 1894; x_wconf 92' lang='lat' dir='ltr'>Quod</span> <span class='ocrx_word' id='word_1_98' title='bbox 200 1816 303 1877; x_wconf 85' lang='lat' dir='ltr'>amat</span> <span class='ocrx_word' id='word_1_99' title='bbox 323 1794 365 1875; x_wconf 92' lang='lat' dir='ltr'>in</span> <span class='ocrx_word' id='word_1_100' title='bbox 388 1792 429 1880; x_wconf 87' lang='lat' dir='ltr'>id</span> <span class='ocrx_word' id='word_1_101' title='bbox 445 1795 553 1906; x_wconf 92' lang='lat' dir='ltr'>quod</span> <span class='ocrx_word' id='word_1_102' title='bbox 568 1814 719 1876; x_wconf 87' lang='lat' dir='ltr'>amatur</span> <span class='ocrx_word' id='word_1_103' title='bbox 731 1790 860 1903; x_wconf 84' lang='lat' dir='ltr'>&#39;ipsum</span> <span class='ocrx_word' id='word_1_104' title='bbox 887 1795 1075 1879; x_wconf 86' lang='lat' dir='ltr'>vertitur:</span> 
     </span>
     <span class='ocr_line' id='line_1_17' title="bbox 60 1901 1163 2006; baseline 0.002 -19"><span class='ocrx_word' id='word_1_105' title='bbox 60 1909 167 1988; x_wconf 84' lang='lat' dir='ltr'>Deus</span> <span class='ocrx_word' id='word_1_106' title='bbox 185 1901 457 2006; x_wconf 73' lang='lat' dir='ltr'>honrofadtus,</span> <span class='ocrx_word' id='word_1_107' title='bbox 483 1926 527 1985; x_wconf 89' lang='lat' dir='ltr'>ut</span> <span class='ocrx_word' id='word_1_108' title='bbox 548 1903 748 1986; x_wconf 88' lang='lat' dir='ltr'>hominem</span> <span class='ocrx_word' id='word_1_109' title='bbox 763 1902 1060 2003; x_wconf 80' lang='lat' dir='ltr'>faceretDeuut.</span> <span class='ocrx_word' id='word_1_110' title='bbox 1159 1937 1163 1943; x_wconf 91' lang='lat'><strong>·</strong></span> 
     </span>
     <span class='ocr_line' id='line_1_18' title="bbox 60 2013 896 2124; baseline -0.005 -27"><span class='ocrx_word' id='word_1_111' title='bbox 60 2022 119 2097; x_wconf 88' lang='lat' dir='ltr'>Ac</span> <span class='ocrx_word' id='word_1_112' title='bbox 141 2013 235 2096; x_wconf 88' lang='lat' dir='ltr'>ficut</span> <span class='ocrx_word' id='word_1_113' title='bbox 250 2019 382 2116; x_wconf 86' lang='lat' dir='ltr'>Uxor,</span> <span class='ocrx_word' id='word_1_114' title='bbox 401 2014 547 2124; x_wconf 80' lang='lat' dir='ltr'>Virque</span> <span class='ocrx_word' id='word_1_115' title='bbox 567 2013 763 2096; x_wconf 84' lang='lat' dir='ltr'>consortes</span> <span class='ocrx_word' id='word_1_116' title='bbox 776 2086 777 2090; x_wconf 8' lang='lat' dir='ltr'>a</span> <span class='ocrx_word' id='word_1_117' title='bbox 789 2013 896 2095; x_wconf 91' lang='lat' dir='ltr'>thori</span> 
     </span>
    </p>

    <p class='ocr_par' dir='ltr' id='par_1_7' title="bbox 59 2118 835 2224">
     <span class='ocr_line' id='line_1_19' title="bbox 59 2118 835 2224; baseline -0.001 -19"><span class='ocrx_word' id='word_1_118' title='bbox 59 2131 171 2205; x_wconf 89' lang='lat' dir='ltr'>Inter</span> <span class='ocrx_word' id='word_1_119' title='bbox 187 2119 224 2202; x_wconf 90' lang='lat' dir='ltr'>se</span> <span class='ocrx_word' id='word_1_120' title='bbox 246 2120 386 2205; x_wconf 87' lang='lat' dir='ltr'>amoris</span> <span class='ocrx_word' id='word_1_121' title='bbox 405 2118 648 2206; x_wconf 82' lang='lat' dir='ltr'>foederantur</span> <span class='ocrx_word' id='word_1_122' title='bbox 662 2120 835 2224; x_wconf 87' lang='lat' dir='ltr'>vinculo,</span> 
     </span>
    </p>

    <p class='ocr_par' dir='ltr' id='par_1_8' title="bbox 61 2229 942 2342">
     <span class='ocr_line' id='line_1_20' title="bbox 61 2229 942 2342; baseline -0.001 -28"><span class='ocrx_word' id='word_1_123' title='bbox 61 2237 277 2340; x_wconf 88' lang='lat' dir='ltr'>Unumque</span> <span class='ocrx_word' id='word_1_124' title='bbox 299 2231 399 2314; x_wconf 88' lang='lat' dir='ltr'>fiunt</span> <span class='ocrx_word' id='word_1_125' title='bbox 414 2259 566 2342; x_wconf 85' lang='lat' dir='ltr'>corpus,</span> <span class='ocrx_word' id='word_1_126' title='bbox 592 2229 697 2313; x_wconf 86' lang='lat' dir='ltr'>haud</span> <span class='ocrx_word' id='word_1_127' title='bbox 713 2229 825 2316; x_wconf 85' lang='lat' dir='ltr'>aliter</span> <span class='ocrx_word' id='word_1_128' title='bbox 852 2233 942 2314; x_wconf 88' lang='lat' dir='ltr'>Deo</span> 
     </span>
    </p>

    <p class='ocr_par' dir='ltr' id='par_1_9' title="bbox 63 2338 820 2449">
     <span class='ocr_line' id='line_1_21' title="bbox 63 2338 820 2449; baseline 0.001 -25"><span class='ocrx_word' id='word_1_129' title='bbox 63 2345 215 2424; x_wconf 57' lang='lat' dir='ltr'>Coetus&gt;</span> <span class='ocrx_word' id='word_1_130' title='bbox 227 2339 349 2424; x_wconf 86' lang='lat' dir='ltr'>fidelis</span> <span class='ocrx_word' id='word_1_131' title='bbox 366 2368 506 2449; x_wconf 90' lang='lat' dir='ltr'>corpus</span> <span class='ocrx_word' id='word_1_132' title='bbox 522 2344 576 2423; x_wconf 84' lang='lat' dir='ltr'>est</span> <span class='ocrx_word' id='word_1_133' title='bbox 589 2338 713 2448; x_wconf 88' lang='lat' dir='ltr'>ipsum</span> <span class='ocrx_word' id='word_1_134' title='bbox 731 2342 820 2427; x_wconf 87' lang='lat' dir='ltr'>Dei.</span> 
     </span>
    </p>

    <p class='ocr_par' dir='ltr' id='par_1_10' title="bbox 61 2450 836 2561">
     <span class='ocr_line' id='line_1_22' title="bbox 61 2450 836 2561; baseline -0.001 -27"><span class='ocrx_word' id='word_1_135' title='bbox 61 2455 188 2534; x_wconf 88' lang='lat' dir='ltr'>Fuere</span> <span class='ocrx_word' id='word_1_136' title='bbox 203 2476 321 2561; x_wconf 82' lang='lat' dir='ltr'>grana</span> <span class='ocrx_word' id='word_1_137' title='bbox 335 2450 515 2560; x_wconf 87' lang='lat' dir='ltr'>plurima,</span> <span class='ocrx_word' id='word_1_138' title='bbox 540 2475 625 2535; x_wconf 84' lang='lat' dir='ltr'>uvae</span> <span class='ocrx_word' id='word_1_139' title='bbox 647 2451 836 2559; x_wconf 78' lang='lat' dir='ltr'>plurimae,</span> 
     </span>
    </p>

    <p class='ocr_par' dir='ltr' id='par_1_11' title="bbox 61 2559 1166 3323">
     <span class='ocr_line' id='line_1_23' title="bbox 61 2559 1051 2670; baseline 0.005 -30"><span class='ocrx_word' id='word_1_140' title='bbox 61 2559 147 2667; x_wconf 80' lang='lat' dir='ltr'>Qti</span> <span class='ocrx_word' id='word_1_141' title='bbox 166 2561 277 2668; x_wconf 89' lang='lat' dir='ltr'>panis</span> <span class='ocrx_word' id='word_1_142' title='bbox 300 2561 354 2641; x_wconf 85' lang='lat' dir='ltr'>est</span> <span class='ocrx_word' id='word_1_143' title='bbox 369 2587 592 2662; x_wconf 73' lang='lat' dir='ltr'>nuncnune,</span> <span class='ocrx_word' id='word_1_144' title='bbox 619 2567 735 2670; x_wconf 88' lang='lat' dir='ltr'>atque</span> <span class='ocrx_word' id='word_1_145' title='bbox 749 2587 869 2657; x_wconf 83' lang='lat' dir='ltr'>unum</span> <span class='ocrx_word' id='word_1_146' title='bbox 890 2586 1051 2646; x_wconf 82' lang='lat' dir='ltr'>merum.</span> 
     </span>
     <span class='ocr_line' id='line_1_24' title="bbox 63 2666 1044 2782; baseline 0.004 -33"><span class='ocrx_word' id='word_1_147' title='bbox 63 2674 298 2778; x_wconf 82' lang='lat' dir='ltr'>Qranqua&#39;m</span> <span class='ocrx_word' id='word_1_148' title='bbox 321 2697 410 2753; x_wconf 88' lang='lat' dir='ltr'>cato</span> <span class='ocrx_word' id='word_1_149' title='bbox 432 2670 529 2752; x_wconf 86' lang='lat' dir='ltr'>olim</span> <span class='ocrx_word' id='word_1_150' title='bbox 551 2666 687 2771; x_wconf 69' lang='lat' dir='ltr'>fratta,</span> <span class='ocrx_word' id='word_1_151' title='bbox 707 2667 816 2777; x_wconf 86' lang='lat' dir='ltr'>panis</span> <span class='ocrx_word' id='word_1_152' title='bbox 838 2666 1044 2782; x_wconf 82' lang='lat' dir='ltr'>frangitur,</span> 
     </span>
     <span class='ocr_line' id='line_1_25' title="bbox 64 2776 1066 2889; baseline 0 -29"><span class='ocrx_word' id='word_1_153' title='bbox 64 2776 300 2888; x_wconf 83' lang='lat' dir='ltr'>Sanguisque</span> <span class='ocrx_word' id='word_1_154' title='bbox 323 2776 439 2882; x_wconf 91' lang='lat' dir='ltr'>fusus,</span> <span class='ocrx_word' id='word_1_155' title='bbox 463 2776 641 2889; x_wconf 90' lang='lat' dir='ltr'>funditur</span> <span class='ocrx_word' id='word_1_156' title='bbox 667 2777 826 2867; x_wconf 82' lang='lat' dir='ltr'>vinum.;</span> <span class='ocrx_word' id='word_1_157' title='bbox 851 2807 943 2883; x_wconf 80' lang='lat' dir='ltr'>caro</span> <span class='ocrx_word' id='word_1_158' title='bbox 1062 2835 1066 2840; x_wconf 84' lang='lat'>·</span> 
     </span>
     <span class='ocr_line' id='line_1_26' title="bbox 65 2885 947 2998; baseline 0.005 -30"><span class='ocrx_word' id='word_1_159' title='bbox 65 2890 218 2970; x_wconf 82' lang='lat' dir='ltr'>Tamen</span> <span class='ocrx_word' id='word_1_160' title='bbox 234 2915 325 2989; x_wconf 89' lang='lat' dir='ltr'>una,</span> <span class='ocrx_word' id='word_1_161' title='bbox 344 2885 494 2998; x_wconf 80' lang='lat' dir='ltr'>sanguis</span> <span class='ocrx_word' id='word_1_162' title='bbox 509 2915 619 2992; x_wconf 88' lang='lat' dir='ltr'>unus,</span> <span class='ocrx_word' id='word_1_163' title='bbox 639 2887 748 2993; x_wconf 80' lang='lat' dir='ltr'>panis</span> <span class='ocrx_word' id='word_1_164' title='bbox 770 2915 866 2997; x_wconf 86' lang='lat' dir='ltr'>unus</span> <span class='ocrx_word' id='word_1_165' title='bbox 880 2891 947 2985; x_wconf 89' lang='lat' dir='ltr'>est,</span> 
     </span>
     <span class='ocr_line' id='line_1_27' title="bbox 66 2995 1018 3106; baseline 0.005 -28"><span class='ocrx_word' id='word_1_166' title='bbox 66 3001 281 3106; x_wconf 89' lang='lat' dir='ltr'>Unumque</span> <span class='ocrx_word' id='word_1_167' title='bbox 296 2997 449 3082; x_wconf 85' lang='lat' dir='ltr'>vinum:</span> <span class='ocrx_word' id='word_1_168' title='bbox 478 3024 549 3078; x_wconf 88' lang='lat' dir='ltr'>nee</span> <span class='ocrx_word' id='word_1_169' title='bbox 571 2995 697 3079; x_wconf 84' lang='lat' dir='ltr'>minus</span> <span class='ocrx_word' id='word_1_170' title='bbox 711 3023 876 3106; x_wconf 87' lang='lat' dir='ltr'>quorum</span> <span class='ocrx_word' id='word_1_171' title='bbox 893 2998 1018 3083; x_wconf 80' lang='lat' dir='ltr'>ufibus</span> 
     </span>
     <span class='ocr_line' id='line_1_28' title="bbox 66 3102 1166 3214; baseline -0.004 -25"><span class='ocrx_word' id='word_1_172' title='bbox 66 3112 329 3214; x_wconf 85' lang='lat' dir='ltr'>Franguntur,</span> <span class='ocrx_word' id='word_1_173' title='bbox 355 3103 638 3207; x_wconf 70' lang='lat' dir='ltr'>&amp;funduntun</span> <span class='ocrx_word' id='word_1_174' title='bbox 665 3133 784 3186; x_wconf 90' lang='lat' dir='ltr'>unum</span> <span class='ocrx_word' id='word_1_175' title='bbox 801 3102 889 3188; x_wconf 89' lang='lat' dir='ltr'>sunt</span> <span class='ocrx_word' id='word_1_176' title='bbox 914 3119 952 3195; x_wconf 75' lang='lat' dir='ltr'>dt</span> <span class='ocrx_word' id='word_1_177' title='bbox 974 3107 1030 3188; x_wconf 87' lang='lat' dir='ltr'>hi.</span> <span class='ocrx_word' id='word_1_178' title='bbox 1099 3170 1102 3177; x_wconf 92' lang='lat'><em>.</em></span> <span class='ocrx_word' id='word_1_179' title='bbox 1162 3138 1166 3150; x_wconf 52' lang='grc'><strong>“</strong></span> 
     </span>
     <span class='ocr_line' id='line_1_29' title="bbox 67 3215 946 3323; baseline 0 -25"><span class='ocrx_word' id='word_1_180' title='bbox 67 3219 158 3298; x_wconf 88' lang='lat' dir='ltr'>Rex</span> <span class='ocrx_word' id='word_1_181' title='bbox 171 3243 282 3319; x_wconf 85' lang='lat' dir='ltr'>unus,</span> <span class='ocrx_word' id='word_1_182' title='bbox 305 3242 402 3296; x_wconf 90' lang='lat' dir='ltr'>unus</span> <span class='ocrx_word' id='word_1_183' title='bbox 416 3216 584 3323; x_wconf 84' lang='lat' dir='ltr'>Populus</span> <span class='ocrx_word' id='word_1_184' title='bbox 604 3215 681 3296; x_wconf 89' lang='lat' dir='ltr'>est:</span> <span class='ocrx_word' id='word_1_185' title='bbox 711 3220 798 3299; x_wconf 85' lang='lat' dir='ltr'>Rex</span> <span class='ocrx_word' id='word_1_186' title='bbox 819 3215 860 3299; x_wconf 92' lang='lat' dir='ltr'>in</span> <span class='ocrx_word' id='word_1_187' title='bbox 877 3217 946 3298; x_wconf 83' lang='lat' dir='ltr'>suo</span> 
     </span>
    </p>

    <p class='ocr_par' dir='ltr' id='par_1_12' title="bbox 66 3323 1090 3558">
     <span class='ocr_line' id='line_1_30' title="bbox 66 3323 1090 3435; baseline 0.004 -28"><span class='ocrx_word' id='word_1_188' title='bbox 66 3324 240 3434; x_wconf 86' lang='lat' dir='ltr'>Populo:</span> <span class='ocrx_word' id='word_1_189' title='bbox 264 3324 437 3433; x_wconf 85' lang='lat' dir='ltr'>Populus</span> <span class='ocrx_word' id='word_1_190' title='bbox 452 3325 493 3407; x_wconf 90' lang='lat' dir='ltr'>in</span> <span class='ocrx_word' id='word_1_191' title='bbox 507 3329 640 3435; x_wconf 87' lang='lat' dir='ltr'>Rege:</span> <span class='ocrx_word' id='word_1_192' title='bbox 667 3325 850 3433; x_wconf 85' lang='lat' dir='ltr'>Populus,</span> <span class='ocrx_word' id='word_1_193' title='bbox 862 3330 949 3409; x_wconf 84' lang='lat' dir='ltr'>Rex</span> <span class='ocrx_word' id='word_1_194' title='bbox 963 3323 1090 3431; x_wconf 71' lang='lat' dir='ltr'>iden</span> 
     </span>
     <span class='ocr_line' id='line_1_31' title="bbox 68 3434 1002 3558; baseline 0.003 -41"><span class='ocrx_word' id='word_1_195' title='bbox 68 3434 143 3517; x_wconf 85' lang='lat' dir='ltr'>Sed</span> <span class='ocrx_word' id='word_1_196' title='bbox 154 3435 323 3558; x_wconf 82' lang='lat' dir='ltr'>Populus</span> <span class='ocrx_word' id='word_1_197' title='bbox 342 3435 397 3516; x_wconf 86' lang='lat' dir='ltr'>est</span> <span class='ocrx_word' id='word_1_198' title='bbox 415 3453 461 3516; x_wconf 92' lang='lat' dir='ltr'>ut</span> <span class='ocrx_word' id='word_1_199' title='bbox 476 3460 628 3543; x_wconf 85' lang='lat' dir='ltr'>corpus,</span> <span class='ocrx_word' id='word_1_200' title='bbox 653 3443 690 3518; x_wconf 72' lang='grc' dir='ltr'>ἃ</span> <span class='ocrx_word' id='word_1_201' title='bbox 708 3439 1002 3543; x_wconf 72' lang='lat' dir='ltr'>Rex¹1tcaput</span> 
     </span>
    </p>

    <p class='ocr_par' dir='ltr' id='par_1_13' title="bbox 67 3538 1071 3655">
     <span class='ocr_line' id='line_1_32' title="bbox 67 3538 1071 3655; baseline -0.002 -29"><span class='ocrx_word' id='word_1_202' title='bbox 67 3551 118 3627; x_wconf 90' lang='lat' dir='ltr'>In</span> <span class='ocrx_word' id='word_1_203' title='bbox 132 3567 258 3655; x_wconf 78' lang='lat' dir='ltr'>capite</span> <span class='ocrx_word' id='word_1_204' title='bbox 285 3569 391 3626; x_wconf 88' lang='lat' dir='ltr'>mens</span> <span class='ocrx_word' id='word_1_205' title='bbox 411 3542 466 3626; x_wconf 86' lang='lat' dir='ltr'>est</span> <span class='ocrx_word' id='word_1_206' title='bbox 492 3538 709 3636; x_wconf 87' lang='lat' dir='ltr'>ordinatrix</span> <span class='ocrx_word' id='word_1_207' title='bbox 729 3540 920 3654; x_wconf 83' lang='lat' dir='ltr'>corporis,</span> <span class='ocrx_word' id='word_1_208' title='bbox 989 3597 996 3607; x_wconf 82' lang='lat'><em>-</em></span> <span class='ocrx_word' id='word_1_209' title='bbox 1065 3640 1071 3647; x_wconf 91' lang='lat'>.</span> 
     </span>
    </p>

    <p class='ocr_par' dir='ltr' id='par_1_14' title="bbox 69 3651 1057 3877">
     <span class='ocr_line' id='line_1_33' title="bbox 69 3651 939 3760; baseline 0.005 -29"><span class='ocrx_word' id='word_1_210' title='bbox 69 3657 134 3737; x_wconf 86' lang='lat' dir='ltr'>Ita</span> <span class='ocrx_word' id='word_1_211' title='bbox 152 3677 198 3736; x_wconf 89' lang='lat' dir='ltr'>ut</span> <span class='ocrx_word' id='word_1_212' title='bbox 220 3653 267 3737; x_wconf 92' lang='lat' dir='ltr'>fit</span> <span class='ocrx_word' id='word_1_213' title='bbox 280 3652 413 3736; x_wconf 86' lang='lat' dir='ltr'>eadem</span> <span class='ocrx_word' id='word_1_214' title='bbox 428 3674 515 3737; x_wconf 88' lang='lat' dir='ltr'>tota</span> <span class='ocrx_word' id='word_1_215' title='bbox 536 3672 626 3738; x_wconf 93' lang='lat' dir='ltr'>toto</span> <span class='ocrx_word' id='word_1_216' title='bbox 644 3651 881 3760; x_wconf 88' lang='lat' dir='ltr'>incorpore,</span> <span class='ocrx_word' id='word_1_217' title='bbox 937 3718 939 3723; x_wconf 82' lang='lat'><em>.</em></span> 
     </span>
     <span class='ocr_line' id='line_1_34' title="bbox 70 3759 843 3877; baseline 0 -31"><span class='ocrx_word' id='word_1_218' title='bbox 70 3761 294 3877; x_wconf 88' lang='lat' dir='ltr'>Eademque</span> <span class='ocrx_word' id='word_1_219' title='bbox 307 3782 393 3856; x_wconf 84' lang='lat' dir='ltr'>tota</span> <span class='ocrx_word' id='word_1_220' title='bbox 415 3759 568 3872; x_wconf 81' lang='lat' dir='ltr'>fingulis</span> <span class='ocrx_word' id='word_1_221' title='bbox 595 3762 638 3845; x_wconf 90' lang='lat' dir='ltr'>in</span> <span class='ocrx_word' id='word_1_222' title='bbox 658 3762 843 3871; x_wconf 87' lang='lat' dir='ltr'>partibus.</span> 
     </span>
    </p>

    <p class='ocr_par' dir='ltr' id='par_1_15' title="bbox 69 3868 826 3984">
     <span class='ocr_line' id='line_1_35' title="bbox 69 3868 826 3984; baseline -0.007 -24"><span class='ocrx_word' id='word_1_223' title='bbox 69 3874 172 3961; x_wconf 87' lang='lat' dir='ltr'>Vitae</span> <span class='ocrx_word' id='word_1_224' title='bbox 191 3873 333 3984; x_wconf 77' lang='lat' dir='ltr'>prioris</span> <span class='ocrx_word' id='word_1_225' title='bbox 352 3871 420 3956; x_wconf 84' lang='lat' dir='ltr'>ille</span> <span class='ocrx_word' id='word_1_226' title='bbox 441 3868 673 3957; x_wconf 83' lang='lat' dir='ltr'>miserandus</span> <span class='ocrx_word' id='word_1_227' title='bbox 688 3899 826 3983; x_wconf 83' lang='lat' dir='ltr'>parens</span> 
     </span>
    </p>
   </div>
   <div class='ocr_carea' id='block_1_3' title="bbox 1060 3984 1166 4068">
    <p class='ocr_par' dir='ltr' id='par_1_16' title="bbox 1060 3984 1166 4068">
     <span class='ocr_line' id='line_1_36' title="bbox 1060 3984 1166 4068; baseline -0.019 0"><span class='ocrx_word' id='word_1_228' title='bbox 1060 3984 1166 4068; x_wconf 69' lang='lat' dir='ltr'>Con-</span> 
     </span>
    </p>
   </div>
   <div class='ocr_carea' id='block_1_4' title="bbox 0 0 1320 4448">
    <p class='ocr_par' dir='ltr' id='par_1_17' title="bbox 0 0 1320 4448">
     <span class='ocr_line' id='line_1_37' title="bbox 0 0 1320 4448; baseline 0 0"><span class='ocrx_word' id='word_1_229' title='bbox 0 0 1320 4448; x_wconf 95' lang='lat' dir='ltr'> </span> 
     </span>
    </p>
   </div>
  </div>
 </body>
</html>
