2588 4448
98 200 165 296 14
487 160 802 297 Eucharistia.
961 286 965 291 ⁵
1042 267 1044 271 Α
1100 286 1106 294 ¹

95 323 195 425 Qtae
219 318 301 402 vita
324 330 427 404 mors
450 318 600 426 prioris,
626 332 662 406 dt
684 345 787 402 muts
803 318 938 401 mortis
956 317 1030 400 est:
1071 347 1103 367 ···

95 432 187 515 Vita
200 427 280 538 ipsa
298 428 389 511 vitae
404 452 557 511 mortua
580 430 678 511 hanc
693 429 811 512 vitam
830 427 948 511 dedit.

96 535 327 648 Qud-illud
350 565 446 646 ergo
460 537 514 618 est
529 566 607 647 quo
625 563 796 621 creamur
818 537 977 620 denuo?
993 578 997 607 1

96 651 211 757 Aqua
232 646 355 756 prima
376 674 504 730 rerum
526 668 658 730 mater.
699 652 755 730 At
777 675 864 756 quae
877 645 1104 756 suppetunt.

97 756 296 840 Alimenta
317 756 428 861 natis,
450 756 563 839 duret
583 779 627 839 ut
641 757 731 839 vitae
744 774 869 859 tenor,

96 872 149 948 Et
167 868 280 949 aneta
303 865 425 948 virtus
445 867 563 948 robur
588 868 628 946 in
649 863 814 946 solidum
837 871 994 947 exeat?-

98 974 224 1076 Panis,
235 1001 469 1084 merumque.
493 974 719 1082 Sanguinem
738 990 863 1075 terrae,
886 998 1034 1056 merum

96 1082 245 1166 Dixere
265 1105 432 1168 veteres:
458 1083 561 1166 farra
574 1080 662 1166 sunt
682 1105 793 1166 terrae
818 1111 935 1167 caro:

97 1196 160 1274 Ut
181 1218 276 1301 ergo
299 1191 421 1278 fomes
444 1194 510 1275 ille
535 1214 680 1274 naturae
696 1194 803 1275 calor

97 1299 200 1385 vira
223 1301 348 1408 priori
371 1302 582 1405 consulens,
605 1305 757 1385 vultum
779 1321 900 1385 novat

97 1407 330 1520 Faciemque
350 1411 473 1515 rebus,
499 1412 585 1493 unit
612 1409 868 1515 &difformia‚

96 1515 242 1600 Vinum
270 1541 314 1599 ut
340 1519 384 1602 stt
407 1518 557 1603 homini
578 1517 740 1629 sanguis,
760 1519 922 1630 &panis
946 1543 1054 1599 caro:
1095 1626 1097 1631 .
1190 1546 1194 1557 ¹

96 1626 160 1708 Sic
182 1625 282 1734 ignis
308 1629 405 1710 alter
428 1629 510 1730 iste,
537 1649 682 1711 naturae
702 1629 803 1711 nihil

98 1738 224 1844 Leges
252 1759 433 1842 moratus,
460 1736 606 1848 nosque
629 1735 827 1846 perficiens
855 1761 977 1840 amor,

98 1845 163 1925 Ut
177 1845 280 1926 intus
297 1845 495 1929 hominem
520 1846 660 1955 pascat,
683 1858 720 1932 dt
737 1846 828 1931 vitae
844 1845 968 1940 alteri

98 1953 454 2060 Ministretaudtus,
477 1954 635 2039 tranfitu
652 1953 754 2038 miro
782 1953 876 2037 facit

98 2064 164 2143 De
187 2091 286 2171 pane
300 2062 466 2169 carnem,
490 2063 615 2176 deque
639 2063 734 2147 vino
758 2060 994 2173 sanguinem,

101 2173 269 2254 Carnem
293 2173 435 2276 salutis,
461 2187 497 2262 dt
522 2173 652 2257 salutis
674 2171 909 2283 sanguinem.

99 2281 162 2360 Ut
179 2279 244 2362 ille
265 2304 391 2391 potus,
414 2297 450 2368 ἃ
472 2284 590 2385 cibus,
616 2281 684 2392 qui
703 2309 870 2390 corpora
891 2349 893 2352 a

99 2388 319 2493 Hominum
336 2389 434 2475 solet
447 2391 608 2494 nutrire,
635 2413 780 2475 menter
794 2391 965 2474 nutriatz

98 2502 162 2578 lta
176 2499 282 2608 quod
305 2499 657 2611 merumspanisqu'e
672 2499 791 2602 carni,
812 2512 847 2586 δι
871 2497 1048 2607 sanguini
1061 2495 1130 2597 est,
1216 2510 1218 2514 ’

100 2610 190 2689 Ηοε
213 2608 288 2717 jam
312 2616 406 2692 c'aro
425 2609 489 2693 san
516 2608 649 2721 uisque
681 2609 780 2691 fiunt
805 2608 1007 2692 mentibus.

101 2716 297 2824 Antiquus
314 2718 377 2801 hic
392 2719 446 2802 est
486 2747 616 2802 ermo:
645 2719 784 2801 mentis
802 2718 925 2800 filium

101 2830 245 2907 Porum
267 2824 389 2929 suffic,
413 2828 475 2910 cui
497 2828 667 2912 madenti
696 2830 850 2911 nediare
1104 2918 1107 2923 ,

100 2933 282 3018 Permista
306 2936 420 3020 Penia
439 2937 578 3047 pignus
600 2936 766 3020 ediderit
788 2932 947 3038 sacrum,
1069 2976 1072 2981 ¹

103 3048 221 3126 Hunc
234 3043 307 3126 effe
320 3051 516 3129 Amorem.
544 3048 697 3130 Scilicet
706 3049 832 3130 Natus
848 3045 927 3128 Dei

102 3157 282 3238 AEtetnus
296 3153 388 3263 ipse,
406 3177 536 3239 mente
552 3159 601 3238 ab
623 3156 766 3236 aeternd
780 3152 892 3255 satus,

15 3282 19 3289 ’
103 3260 309 3345 Pulchrdm
339 3292 388 3347 ue
401 3263 593 3372 Princeps,
616 3263 744 3345 forma
760 3263 886 3347 vitalis
907 3262 1002 3346 boni

83 3374 151 3460 ‚ln
171 3399 251 3478 quo
267 3295 445 3483 redulget,
475 3385 510 3460 ἃ
530 3375 710 3485 perennis
727 3372 865 3480 gratia,

102 3481 309 3586 Exemplar
333 3481 528 3586 Universa,
562 3496 598 3569 a<
620 3483 840 3593 exemplum
862 3481 998 3581 Patris,

102 3587 253 3693 Species
266 3590 373 3699 q'uod
385 3619 518 3675 ornnes
530 3591 732 3675 continens
756 3617 875 3673 unum
891 3589 998 3692 facit,

103 3699 198 3805 Qu
214 3702 354 3781 cuneta
374 3700 430 3782 vis
454 3700 601 3787 Divina
624 3697 737 3809 seque
759 3698 956 3808 intelligit,

103 3808 180 3886 Hic
202 3805 268 3888 itte
293 3808 412 3910 dives,
437 3809 557 3893 insitae
577 3836 691 3919 quem
714 3807 862 3905 conscia
1065 3814 1068 3819 ’

79 3913 337 4003 --Ῥῐίναῑὶοηίς
360 3914 486 4003 nostra
514 3939 716 4031 paupertas
738 3916 832 4023 adit,
909 3946 912 3951 ’
