2588 4448
262 150 535 259 Sermonem
547 148 754 256 Domini.
794 150 951 258 Matr.
970 190 1011 280 5.
1087 163 1183 290 185

79 304 162 416 jam
183 326 272 390 ante
295 304 507 390 indicatum
538 305 605 386 est.
655 303 748 411 Ejus
771 325 900 386 autem
922 305 1014 386 mali
1032 305 1185 418 culpam

84 418 231 500 merito
241 416 468 500 Christusin
485 440 575 495 eum
587 410 712 521 rejicit
731 413 800 522 qui
822 413 900 497 levi
920 414 969 496 de
986 417 1094 497 cauda
1109 417 1185 499 suar

87 527 180 611 fidei
193 524 401 634 tutelaque
424 523 619 625 traditam,
645 547 770 629 neque
783 521 875 604 dum
891 523 994 606 illius
1012 528 1099 607 talis
1117 527 1185 609 fla·

85 635 441 744 gitiicompertam,
465 631 539 716 dle
558 629 1038 717 inclementeramoverat.
1076 637 1187 742 Quin

83 743 233 826 etiamli
259 741 345 827 casu
368 742 474 828 forte
492 738 668 825 eveniret
684 761 728 821 ut
744 740 892 822 illibata
909 764 1081 826 maneret
1103 772 1188 827 mu·

82 852 195 937 lieris
224 852 435 961 pudicitia,
474 872 603 934 tamen
629 847 721 960 quia
749 850 953 956 perillum
978 861 1059 936 no'n
1082 852 1190 938 stetit

109 992 169 1046 uo
188 961 317 1046 minua
339 988 399 1044 res
418 959 575 1151 Ecffime
601 979 790 1062 verteret,
827 961 969 1040 merito
1000 962 1058 1043 illi
1078 965 1198 1072 quod·

82 991 171 1153 leri
185 1071 405 1181 potuitpro
458 1070 527 1152 tto
542 1069 766 1177 imputatur.
795 1073 912 1150 Hunc
923 1067 1188 1157 sensumrcdte

87 1179 185 1261 mihi
212 1181 368 1264 videtur
402 1178 581 1288 attigiffe'
596 1174 837 1260 Ambrosius:
876 1179 996 1290 Qum
1015 1182 1186 1287 periculo·

76 1289 174 1393 sata,
195 1288 350 1399 inquit,
378 1287 418 1396 fi
435 1288 606 1398 fragilem
628 1283 876 1395 adolescentula
910 1305 1046 1367 atatem
1075 1291 1188 1372 errori

130 1411 241 1480 arar!

87 1398 206 1604 fin?
218 1508 256 1591 ‘ir
268 1503 326 1587 llo
336 1500 591 1601 muraenula
604 1507 727 1615 >arrian
740 1504 907 1611 pertzii-auf,
935 1512 970 1586 ὅ
989 1506 1051 1615 qui
1065 1501 1186 1613 dimis-
1216 1544 1218 1549 ·

75 1618 161 1722 jana
184 1614 338 1719 duxerit,
361 1613 570 1718 ardenar]
600 1612 772 1705 Abfuille
794 1614 894 1696 hanc
921 1613 1186 1723 particulam&

87 1718 314 1833 quibusdam
335 1722 615 1830 exemplaribus
647 1724 805 1805 testatur
828 1725 1075 1833 Augustinus.
1130 1731 1187 1820 At

86 1835 250 1916 nuncin
271 1833 452 1914 omnibus
472 1832 627 1941 legitur,
640 1844 736 1919 uu&
749 1829 852 1914 infra
867 1860 947 1941 cap.
966 1865 1025 1934 19.
1068 1833 1185 1923 Vide-

85 1964 151 2024 tur
164 1964 293 2024 autem
306 1941 481 2026 Christus
493 1967 605 2051 agere
622 1941 671 2023 de
687 1943 853 2026 ducente
866 1942 1083 2025 dimillama
1099 1947 1189 2026 viro

86 2052 156 2162 qni
170 2070 302 2144 tamen
316 2049 528 2159 disciplinae
546 2049 712 2161 ejusdem
726 2073 891 2154 inaurat,
917 2052 1081 2159 accujus
1094 2074 1185 2159 pro'·

88 2160 179 2242 iude
197 2161 395 2271 ingenium
420 2158 704 2242 haberidebeat
728 2158 907 2242 sanabile.
947 2164 1052 2242 Nam
1066 2158 1185 2248 dera-

73 2269 189 2352 libua
201 2269 391 2382 conjugiis
411 2273 433 2348 a
451 2269 606 2351 Christo
629 2270 693 2379 agi
714 2268 862 2373 Paulus,
889 2288 934 2349 ut
952 2267 1100 2353 dictum
1119 2271 1188 2376 est,

88 2405 160 2460 nos
175 2379 302 2462 dotet.
346 2378 507 2486 Alioqui
535 2401 713 2460 manente
733 2375 851 2461 Mufis
870 2384 991 2488 Lege,
1018 2397 1064 2460 ut
1082 2383 1188 2463 uerte

85 2491 266 2571 manebat
278 2514 328 2571 eo
341 2509 528 2596 tempore,
555 2487 697 2569 durum·
716 2485 845 2569 faillet
868 2486 947 2569 sme
964 2486 1186 2570 discrimine

84 2618 271 2705 tanquam
286 2592 479 2707 adulteros
495 2596 667 2686 damnari
687 2595 756 2707 qui
768 2596 953 2678 dimiffam
980 2597 1183 2681 duxiffent.

84 2705 196 2814 Qid
213 2705 239 2789 fi
254 2705 357 2788 enim
370 2704 553 2786 feminam
566 2706 691 2788 alienl
716 2706 856 2815 injurid
870 2707 1129 2813 proculcatam
1145 2718 1184 2791 &t

87 2814 138 2896 de
155 2815 342 2923 pudicitia
367 2814 648 2922 periclitantem
675 2813 934 2897 misericordil
958 2835 1088 2899 motus
1112 2816 1182 2896 ali-

86 2924 174 3032 quis
205 2923 248 3008 in
286 2924 575 3006 matrimonium
603 2921 843 3029 suscepisset?
882 2924 1186 3032 Intelligendum
1217 3001 1220 3007 ,

84 3033 164 3115 hoc
184 3060 278 3143 ergo
301 3031 350 3115 de
363 3033 439 3115 illia
453 3033 518 3142 qui
535 3032 701 3116 dirniffas
718 3032 971 3141 excipiebant,
998 3060 1080 3114 non
1095 3033 1186 3115 terr?

87 3142 179 3223 tatia
196 3147 304 3253 ptius
328 3141 506 3225 omnibus
540 3141 612 3226 viis
639 3140 686 3222 ad
714 3143 1036 3226 reconciliandum
1073 3140 1185 3249 prius

83 3251 388 3355 matrimonium,
413 3251 518 3360 quod
539 3251 701 3334 omnino
715 3248 934 3332 faciendum
947 3251 1060 3334 docet
1083 3259 1191 3355 Pau·;

83 3363 141 3445 lus
168 3392 185 3441 r
217 3360 397 3445 Corinth.
426 3392 459 3453 7·
491 3392 547 3440 11.
584 3384 651 3442 aut
679 3361 786 3471 quod
810 3363 915 3471 pejus
941 3360 1005 3460 est,
1046 3360 1190 3444 alicnia'

84 3469 474 3554 uxoribusinhiantes
491 3497 559 3577 per
583 3470 753 3555 divortia
781 3469 847 3580 fibi
871 3470 1021 3578 nuptiis·
1038 3470 1178 3554 sterne-

84 3581 180 3662 bant
207 3579 322 3661 viam.
375 3583 514 3688 Neque
547 3580 625 3679 alio
660 3577 965 3688 mihispedtare
997 3580 1188 3666 uidentur

83 3691 263 3796 pleniora
286 3688 401 3773 verba
415 3715 500 3797 quae
516 3687 616 3771 infra
631 3689 791 3796 legi-mus
817 3720 874 3793 ¹9·
890 3726 923 3790 9·
954 3689 1205 3775 ubi-dicltur

82 3800 290 3879 conmittere
308 3797 512 3880 adulterium
533 3797 692 3878 maritus
715 3798 846 3905 prior,
890 3800 966 3884 hoc
995 3800 1128 3885 addito
1145 3800 1190 3911 si

83 3906 372 3998 arian-duxerin
391 3927 506 4016 atque
521 3907 656 3989 itidem
675 3906 881 3989 conmittere
897 3911 1105 3991 adulterium
1117 3915 1179 4019 qai

85 4015 382 4127 dandamdacir:
412 4040 457 4099 ut
484 4015 684 4100 scilicetin
699 4017 807 4100 illum
829 4019 975 4103 recidat
999 4020 1179 4102 adulterii

268 4169 272 4175 ’
683 4134 757 4210 Aa
1039 4129 1199 4212 trimum
