2588 4448
238 162 511 263 Sermonem
530 150 737 262 Domini.
774 152 927 263 Mate.
948 193 991 284 5.
1074 184 1173 290 22'5

80 306 171 399 suos
182 330 379 423 patronos,
391 325 428 401 &t
441 337 499 399 tes
513 310 691 397 omnibus
706 312 853 423 legibus
870 315 1047 421 vetanda,
1057 316 1176 400 etiam

85 422 233 534 legibus
245 422 459 508 ordinatur.
487 428 549 506 Eo
563 442 721 509 ventum
743 422 855 507 estut
874 422 975 507 inte‘r
992 425 1176 525 Christia-

84 556 170 636 nos,
196 530 316 616 crucis
330 530 567 634 candidatos,
591 531 770 640 quotidie
789 535 913 640 palam
930 533 1083 643 publice
1106 534 1176 617 fiat

83 639 194 751 quod
207 638 454 749 profanamm
480 638 654 751 gentium
671 640 773 751 leges
800 638 929 728 severe
958 638 1177 751 puniiffent.

84 749 199 832 Adeo
211 750 293 858 pati
309 750 486 861 injuriant
504 747 670 859 ‘dedecus
685 769 862 859 putatum
891 752 970 834 laus
977 753 1177 836 hominem

83 858 272 943 occidere.
292 867 387 970 Ego
400 857 495 943 veru
517 874 642 965 neque
661 850 758 941 illud
774 858 880 970 quud
904 859 1094 944 honorem
1108 890 1179 949 vo·

84 970 197 1071 caut,
232 967 404 1076 quinon
432 969 485 1049 est
522 967 651 1049 honor
673 965 738 1049 sed
759 984 943 1051 vanorum
974 962 1179 1053 hominum

64 1076 200 1161 'stultu
226 1073 438 1184 persuas10;
466 1102 590 1184 neque
612 1074 849 1183 poffeffiones
866 1078 961 1160 ullas
990 1105 1076 1159 cum
1097 1078 1178 1162 viti

90 1184 255 1267 hominis
270 1185 385 1268 etiam
399 1181 563 1266 viliffimi
587 1184 858 1293 comparandas
879 1206 989 1293 puto.
1026 1193 1079 1269 Et·
1093 1204 1181 1297 quae

92 1293 243 1376 tandem
259 1295 393 1376 caritas
414 1291 501 1374 finit
530 1320 600 1376 nos
622 1293 706 1374 istas
735 1294 877 1375 reculas
902 1297 1044 1376 nostras
1059 1295 1180 1404 pluris

88 1400 226 1507 facere,
247 1422 361 1515 quam
378 1402 483 1510 quod
498 1400 561 1484 hic
576 1401 681 1484 orbis
699 1399 953 1513 digniffimum
969 1404 1097 1507 habet,
1122 1404 1181 1488 vi·
1280 1454 1282 1458 >

87 1529 165 1597 tam
183 1513 404 1612 humanam,
430 1511 565 1593 cuites
582 1510 747 1592 conditae
772 1532 904 1594 omnes
921 1511 1182 1594 famulantur?

91 1630 146 1703 'At
161 1626 287 1729 Leges
311 1619 551 1729 permittunt.
590 1626 677 1700 Irno
703 1621 840 1701 hoium
889 1620 1042 1729 ie'raque
1056 1624 1182 1730 Leges

92 1731 334 1839 improbant:
371 1725 433 1810 sed
452 1724 540 1809 sunt
568 1727 637 1808 ista
662 1727 838 1836 Juriscon
857 1729 1027 1812 ultorum
1054 1726 1182 1812 seculo

92 1836 160 1921 suo
190 1837 469 1921 blandientium
501 1859 729 1929 commenta,
782 1843 922 1946 Longe
947 1840 1057 1921 alit'et
1084 1837 1183 1920 olim·

90 1947 299 2054 Ulpianus,
324 1944 445 2028 Furem
467 1945 661 2026 nocturnum
669 1943 710 2049 fi
715 1946 788 2054 quei
804 1945 977 2049 occiderit,
985 1949 1039 2027 ita
1049 1944 1184 2028 demunt

91 2052 238 2167 impetens
248 2054 344 2158 feret
360 2053 393 2164 fi
405 2070 551 2165 parcere
579 2055 611 2134 ei
630 2053 702 2160 fine
718 2056 868 2163 periculo
881 2057 948 2165 fian
971 2072 1037 2134 nun
1055 2052 1183 2165 potuit.

95 2160 257 2273 Quin
285 2186 414 2246 tamen
439 2162 731 2270 pennitterent?
772 2167 867 2246 Non
895 2164 1076 2269 probant,
1102 2178 1184 2247 non·

95 2268 276 2361 laudant3
304 2293 455 2353 tantum
470 2272 645 2379 praestant
667 2269 948 2377 impunitatem.
988 2272 1103 2355 Estne
1116 2300 1183 2354 au·

94 2396 172 2463 tem
194 2378 264 2489 qui
274 2380 493 2484 Christiano
508 2374 695 2461 existimet
719 2379 899 2482 sufficere,
922 2369 1102 2488 sspoenas
1131 2385 1189 2485 leq

91 2512 186 2599 gum
208 2486 379 2599 effugiat,
408 2489 448 2570 in
467 2486 602 2572 sceiere
620 2497 769 2572 ta‘nt'tnn
785 2517 865 2570 non
886 2490 1002 2570 etiam
1026 2490 1066 2573 in
1088 2491 1186 2571 vitiu

92 2598 341 2682 constitutas?
367 2596 438 2681 Sed
456 2594 551 2680 illud
580 2597 694 2687 etiam
713 2596 906 2707 uideamus
930 2620 1116 2707 quantum
1140 2597 1200 2677 li·-

96 2726 182 2789 ceat
207 2706 361 2813 homini
388 2727 464 2815 pro
486 2706 567 2789 vita
593 2706 734 2789 tuendi
764 2704 898 2789 facete.
1183 2773 1187 2783 .

151 2820 248 2898 Sunt
274 2828 311 2902 δι
332 2814 396 2897 hic
411 2813 678 2924 Jurisconsulti
703 2813 771 2925 qui
802 2813 1044 2915 existiment,
1070 2814 1188 2898 etiam

97 2924 344 3007 innocentem
401 2923 444 3004 ui
470 2922 693 3004 dirimendae
717 2924 810 3005 rixae
833 2921 1105 3029 seinterponit
1133 2923 1190 3005 in·

98 3030 222 3145 teffici
242 3034 347 3140 posse
372 2946 401 3113 ii
423 3031 497 3113 alia
513 3029 614 3114 ratio
638 3032 742 3114 nulla
760 3031 805 3112 stt
823 3028 1070 3139 expediendae
1094 3028 1192 3133 salu·¹

98 3140 168 3230 tin
207 3140 315 3251 quod
341 3138 497 3224 confido
524 3138 652 3249 paucis
670 3140 919 3248 placiturum:
957 3151 992 3226 ἃ
1023 3158 1071 3220 ne
1094 3136 1194 3224 illud

95 3248 253 3361 quidem
272 3248 409 3357 recipit
432 3247 631 3358 religiosus
652 3249 798 3350 animus
821 3248 927 3359 quod
951 3257 974 3331 t
994 3249 1195 3333 nonnullis

97 3361 152 3442 est
167 3355 381 3466 proditum,
408 3383 488 3440 non
503 3347 577 3439 esse
594 3354 889 3466 exspectandum
916 3356 1006 3439 dunt
1031 3357 1195 3467 praesens

102 3469 302 3551 immineat
330 3465 566 3575 periculum,
603 3464 665 3551 sed
690 3465 903 3549 tollendum
942 3466 983 3548 in
1019 3486 1195 3578 tempore

102 3578 169 3686 qui
201 3577 378 3660 credatur
415 3576 623 3658 nociturus.
678 3580 773 3657 Non
808 3576 911 3657 enim
944 3572 1110 3691 eousque
1146 3578 1196 3658 ti·

100 3686 205 3770 mori
219 3682 508 3793 indulgendum
532 3686 597 3765 est.
641 3684 802 3782 Rectius
827 3687 993 3790 Cicero,
1026 3683 1111 3799 Qu
1137 3684 1197 3767 hoc

92 3792 227 3901 statuit
250 3811 426 3903 unquam,
464 3813 526 3873 aut
550 3791 604 3874 cui
637 3789 770 3872 concedi
792 3792 866 3902 fine
883 3793 1018 3901 fitmmn
1049 3795 1199 3877 omnium

98 3903 248 4011 periculo
266 3897 388 4012 potest,
415 3920 453 3982 ut
474 3927 549 3983 eum
568 3897 645 4010 jure
667 3906 820 4009 potuerit
842 3903 1029 4007 occideten
1050 3931 1114 4012 quo
1128 3932 1216 3983 ηπε-Ι

106 4008 258 4127 tmffese
281 4008 379 4094 dicat
407 4036 450 4093 ne
472 4010 543 4120 ipse
568 4005 731 4121 posterius
756 4008 931 4095 occideret.
986 4014 1128 4119 Estque
1158 4011 1200 4093 in·

202 4150 208 4163 ·
494 4150 497 4155 ·
736 4117 806 4206 Ff
1042 4119 1212 4201 cantent
