<?xml version="1.0" encoding="UTF-8"?>
<!DOCTYPE html PUBLIC "-//W3C//DTD XHTML 1.0 Transitional//EN"
    "http://www.w3.org/TR/xhtml1/DTD/xhtml1-transitional.dtd">
<html xmlns="http://www.w3.org/1999/xhtml" xml:lang="en" lang="en">
 <head>
  <title>
</title>
<meta http-equiv="Content-Type" content="text/html;charset=utf-8" />
  <meta name='ocr-system' content='tesseract 3.04.00' />
  <meta name='ocr-capabilities' content='ocr_page ocr_carea ocr_par ocr_line ocrx_word'/>
</head>
<body>
  <div class='ocr_page' id='page_1' title='image "./hugonisgrotiiba01grotgoog_0017.png"; bbox 0 0 2588 4448; ppageno 0'>
   <div class='ocr_carea' id='block_1_1' title="bbox 120 115 994 254">
    <p class='ocr_par' dir='ltr' id='par_1_1' title="bbox 120 115 994 254">
     <span class='ocr_line' id='line_1_1' title="bbox 120 115 994 254; baseline -0.002 -26"><span class='ocrx_word' id='word_1_1' title='bbox 120 156 184 228; x_wconf 91' lang='lat'>10</span> <span class='ocrx_word' id='word_1_2' title='bbox 327 115 700 254; x_wconf 77' lang='lat' dir='ltr'>Baptizatarum</span> <span class='ocrx_word' id='word_1_3' title='bbox 721 123 994 227; x_wconf 82' lang='lat' dir='ltr'>Puerorum</span> 
     </span>
    </p>
   </div>
   <div class='ocr_carea' id='block_1_2' title="bbox 48 273 1258 616">
    <p class='ocr_par' dir='ltr' id='par_1_2' title="bbox 48 273 1258 616">
     <span class='ocr_line' id='line_1_2' title="bbox 115 273 1157 388; baseline 0.008 -31"><span class='ocrx_word' id='word_1_4' title='bbox 115 274 224 386; x_wconf 78' lang='lat' dir='ltr'>Quid</span> <span class='ocrx_word' id='word_1_5' title='bbox 240 273 267 357; x_wconf 86' lang='lat' dir='ltr'>fi</span> <span class='ocrx_word' id='word_1_6' title='bbox 285 301 343 356; x_wconf 84' lang='lat' dir='ltr'>res</span> <span class='ocrx_word' id='word_1_7' title='bbox 366 273 523 378; x_wconf 79' lang='lat' dir='ltr'>nostras,</span> <span class='ocrx_word' id='word_1_8' title='bbox 549 274 737 379; x_wconf 80' lang='lat' dir='ltr'>fifanram</span> <span class='ocrx_word' id='word_1_9' title='bbox 754 278 918 388; x_wconf 89' lang='lat' dir='ltr'>denique</span> <span class='ocrx_word' id='word_1_10' title='bbox 942 279 1113 364; x_wconf 84' lang='lat' dir='ltr'>laedaut?</span> <span class='ocrx_word' id='word_1_11' title='bbox 1154 335 1157 340; x_wconf 92' lang='lat'><em>-</em></span> 
     </span>
     <span class='ocr_line' id='line_1_3' title="bbox 48 382 1258 496; baseline 0.003 -28"><span class='ocrx_word' id='word_1_12' title='bbox 48 393 50 396; x_wconf 76' lang='grc'><strong>’</strong></span> <span class='ocrx_word' id='word_1_13' title='bbox 170 393 307 472; x_wconf 88' lang='lat' dir='ltr'>Unum</span> <span class='ocrx_word' id='word_1_14' title='bbox 326 382 684 496; x_wconf 79' lang='lat' dir='ltr'>advocaduosque‚</span> <span class='ocrx_word' id='word_1_15' title='bbox 706 388 989 496; x_wconf 79' lang='lat' dir='ltr'>plnrespostea.</span> <span class='ocrx_word' id='word_1_16' title='bbox 1257 408 1258 412; x_wconf 67' lang='lat'>‘</span> 
     </span>
     <span class='ocr_line' id='line_1_4' title="bbox 107 490 1178 616; baseline 0.004 -42"><span class='ocrx_word' id='word_1_17' title='bbox 107 493 262 604; x_wconf 22' lang='lat' dir='ltr'>‘Qridfi</span> <span class='ocrx_word' id='word_1_18' title='bbox 279 490 519 602; x_wconf 79' lang='lat' dir='ltr'>pertendant,</span> <span class='ocrx_word' id='word_1_19' title='bbox 546 496 612 598; x_wconf 82' lang='lat' dir='ltr'>vel</span> <span class='ocrx_word' id='word_1_20' title='bbox 627 521 762 616; x_wconf 81' lang='lat' dir='ltr'>aperto</span> <span class='ocrx_word' id='word_1_21' title='bbox 775 497 934 579; x_wconf 87' lang='lat' dir='ltr'>crimine</span> <span class='ocrx_word' id='word_1_22' title='bbox 947 505 1127 611; x_wconf 84' lang='lat' dir='ltr'>peccent?</span> <span class='ocrx_word' id='word_1_23' title='bbox 1173 586 1178 591; x_wconf 59' lang='lat'><em>„</em></span> 
     </span>
    </p>
   </div>
   <div class='ocr_carea' id='block_1_3' title="bbox 82 599 1257 3882">
    <p class='ocr_par' dir='ltr' id='par_1_3' title="bbox 169 599 1149 790">
     <span class='ocr_line' id='line_1_5' title="bbox 169 599 1149 790; baseline 0.002 -103"><span class='ocrx_word' id='word_1_24' title='bbox 169 605 284 687; x_wconf 89' lang='lat' dir='ltr'>Tunc</span> <span class='ocrx_word' id='word_1_25' title='bbox 300 599 584 790; x_wconf 61' lang='lat' dir='ltr'>segrepentura</span> <span class='ocrx_word' id='word_1_26' title='bbox 606 631 762 712; x_wconf 80' lang='lat' dir='ltr'>prorum</span> <span class='ocrx_word' id='word_1_27' title='bbox 781 607 960 689; x_wconf 87' lang='lat' dir='ltr'>coetibus.</span> <span class='ocrx_word' id='word_1_28' title='bbox 1046 703 1049 707; x_wconf 68' lang='lat'><em>,</em></span> <span class='ocrx_word' id='word_1_29' title='bbox 1147 699 1149 702; x_wconf 7' lang='lat' dir='ltr'>v</span> 
     </span>
    </p>

    <p class='ocr_par' dir='ltr' id='par_1_4' title="bbox 115 708 1214 923">
     <span class='ocr_line' id='line_1_6' title="bbox 115 708 1214 822; baseline -0.008 -23"><span class='ocrx_word' id='word_1_30' title='bbox 115 721 272 819; x_wconf 84' lang='lat' dir='ltr'>Semper</span> <span class='ocrx_word' id='word_1_31' title='bbox 285 739 336 793; x_wconf 89' lang='lat' dir='ltr'>an</span> <span class='ocrx_word' id='word_1_32' title='bbox 350 710 399 791; x_wconf 93' lang='lat' dir='ltr'>ab</span> <span class='ocrx_word' id='word_1_33' title='bbox 431 710 512 791; x_wconf 91' lang='lat' dir='ltr'>enti</span> <span class='ocrx_word' id='word_1_34' title='bbox 529 708 662 794; x_wconf 58' lang='lat' dir='ltr'>divin&amp;</span> <span class='ocrx_word' id='word_1_35' title='bbox 676 742 697 794; x_wconf 90' lang='lat' dir='ltr'>a</span> <span class='ocrx_word' id='word_1_36' title='bbox 712 714 822 822; x_wconf 87' lang='lat' dir='ltr'><strong>plebe</strong></span> <span class='ocrx_word' id='word_1_37' title='bbox 838 715 1074 798; x_wconf 86' lang='lat' dir='ltr'>manebunt?</span> <span class='ocrx_word' id='word_1_38' title='bbox 1183 760 1189 767; x_wconf 25' lang='grc' dir='ltr'><strong>ε</strong></span> <span class='ocrx_word' id='word_1_39' title='bbox 1208 782 1214 790; x_wconf 89' lang='grc'><em>.</em></span> 
     </span>
     <span class='ocr_line' id='line_1_7' title="bbox 171 818 1204 923; baseline 0 -19"><span class='ocrx_word' id='word_1_40' title='bbox 171 819 312 905; x_wconf 77' lang='lat' dir='ltr'>Denec</span> <span class='ocrx_word' id='word_1_41' title='bbox 328 818 461 902; x_wconf 88' lang='lat' dir='ltr'>dolere</span> <span class='ocrx_word' id='word_1_42' title='bbox 474 820 618 923; x_wconf 87' lang='lat' dir='ltr'>crimen</span> <span class='ocrx_word' id='word_1_43' title='bbox 639 821 841 905; x_wconf 87' lang='lat' dir='ltr'>ostendant</span> <span class='ocrx_word' id='word_1_44' title='bbox 858 823 938 906; x_wconf 85' lang='lat' dir='ltr'>fibi.</span> <span class='ocrx_word' id='word_1_45' title='bbox 1179 818 1204 844; x_wconf 76' lang='grc'>”’</span> 
     </span>
    </p>

    <p class='ocr_par' dir='ltr' id='par_1_5' title="bbox 107 929 1214 1146">
     <span class='ocr_line' id='line_1_8' title="bbox 107 929 1214 1044; baseline -0.007 -30"><span class='ocrx_word' id='word_1_46' title='bbox 107 930 253 1042; x_wconf 91' lang='lat' dir='ltr'>Judicii</span> <span class='ocrx_word' id='word_1_47' title='bbox 268 931 309 1012; x_wconf 92' lang='lat' dir='ltr'>in</span> <span class='ocrx_word' id='word_1_48' title='bbox 329 948 476 1038; x_wconf 89' lang='lat' dir='ltr'>partem</span> <span class='ocrx_word' id='word_1_49' title='bbox 492 956 584 1010; x_wconf 91' lang='lat' dir='ltr'>num</span> <span class='ocrx_word' id='word_1_50' title='bbox 599 929 656 1013; x_wconf 90' lang='lat' dir='ltr'>vis</span> <span class='ocrx_word' id='word_1_51' title='bbox 672 930 724 1011; x_wconf 88' lang='lat' dir='ltr'>est</span> <span class='ocrx_word' id='word_1_52' title='bbox 741 931 851 1041; x_wconf 85' lang='lat' dir='ltr'>hujus</span> <span class='ocrx_word' id='word_1_53' title='bbox 864 939 1091 1044; x_wconf 85' lang='lat' dir='ltr'>utramque?</span> <span class='ocrx_word' id='word_1_54' title='bbox 1182 1002 1186 1007; x_wconf 90' lang='lat'>.</span> <span class='ocrx_word' id='word_1_55' title='bbox 1207 999 1214 1007; x_wconf 84' lang='lat'><em>.</em></span> 
     </span>
     <span class='ocr_line' id='line_1_9' title="bbox 169 1034 1073 1146; baseline 0.004 -25"><span class='ocrx_word' id='word_1_56' title='bbox 169 1039 291 1122; x_wconf 85' lang='lat' dir='ltr'>simut</span> <span class='ocrx_word' id='word_1_57' title='bbox 305 1034 384 1146; x_wconf 91' lang='lat' dir='ltr'>ipse</span> <span class='ocrx_word' id='word_1_58' title='bbox 401 1035 570 1144; x_wconf 84' lang='lat' dir='ltr'>damnat,</span> <span class='ocrx_word' id='word_1_59' title='bbox 596 1036 752 1126; x_wconf 76' lang='lat' dir='ltr'>simul&amp;</span> <span class='ocrx_word' id='word_1_60' title='bbox 776 1040 941 1123; x_wconf 86' lang='lat' dir='ltr'>absolvit</span> <span class='ocrx_word' id='word_1_61' title='bbox 957 1047 1073 1125; x_wconf 89' lang='lat' dir='ltr'>Deus.</span> 
     </span>
    </p>

    <p class='ocr_par' dir='ltr' id='par_1_6' title="bbox 113 1147 1214 1367">
     <span class='ocr_line' id='line_1_10' title="bbox 113 1147 1214 1257; baseline -0.005 -25"><span class='ocrx_word' id='word_1_62' title='bbox 113 1148 333 1232; x_wconf 82' lang='lat' dir='ltr'>Permissum</span> <span class='ocrx_word' id='word_1_63' title='bbox 347 1175 426 1257; x_wconf 90' lang='lat' dir='ltr'>quo</span> <span class='ocrx_word' id='word_1_64' title='bbox 440 1172 549 1228; x_wconf 89' lang='lat' dir='ltr'>more</span> <span class='ocrx_word' id='word_1_65' title='bbox 561 1175 683 1231; x_wconf 87' lang='lat' dir='ltr'>novos</span> <span class='ocrx_word' id='word_1_66' title='bbox 697 1147 899 1231; x_wconf 88' lang='lat' dir='ltr'>inscribere</span> <span class='ocrx_word' id='word_1_67' title='bbox 919 1151 1047 1235; x_wconf 88' lang='lat' dir='ltr'>cives?</span> <span class='ocrx_word' id='word_1_68' title='bbox 1111 1218 1114 1223; x_wconf 96' lang='lat'>.</span> <span class='ocrx_word' id='word_1_69' title='bbox 1210 1239 1214 1247; x_wconf 25' lang='lat'><em>¹</em></span> 
     </span>
     <span class='ocr_line' id='line_1_11' title="bbox 167 1254 935 1367; baseline 0 -26"><span class='ocrx_word' id='word_1_70' title='bbox 167 1257 318 1341; x_wconf 69' lang='lat' dir='ltr'>Tindiu</span> <span class='ocrx_word' id='word_1_71' title='bbox 332 1254 464 1339; x_wconf 88' lang='lat' dir='ltr'>sacrati</span> <span class='ocrx_word' id='word_1_72' title='bbox 478 1255 600 1339; x_wconf 84' lang='lat' dir='ltr'>laticis</span> <span class='ocrx_word' id='word_1_73' title='bbox 622 1256 804 1366; x_wconf 78' lang='lat' dir='ltr'>ingressus</span> <span class='ocrx_word' id='word_1_74' title='bbox 819 1278 935 1367; x_wconf 86' lang='lat' dir='ltr'>patet.</span> 
     </span>
    </p>

    <p class='ocr_par' dir='ltr' id='par_1_7' title="bbox 116 1360 1115 1585">
     <span class='ocr_line' id='line_1_12' title="bbox 116 1360 1115 1476; baseline -0.005 -22"><span class='ocrx_word' id='word_1_75' title='bbox 116 1373 198 1454; x_wconf 89' lang='lat' dir='ltr'>Cur</span> <span class='ocrx_word' id='word_1_76' title='bbox 211 1367 331 1476; x_wconf 90' lang='lat' dir='ltr'>igitur</span> <span class='ocrx_word' id='word_1_77' title='bbox 352 1360 554 1448; x_wconf 89' lang='lat' dir='ltr'>mersamus</span> <span class='ocrx_word' id='word_1_78' title='bbox 577 1365 701 1450; x_wconf 90' lang='lat' dir='ltr'>adhuc</span> <span class='ocrx_word' id='word_1_79' title='bbox 715 1366 763 1447; x_wconf 91' lang='lat' dir='ltr'>de</span> <span class='ocrx_word' id='word_1_80' title='bbox 778 1388 899 1449; x_wconf 87' lang='lat' dir='ltr'>matre</span> <span class='ocrx_word' id='word_1_81' title='bbox 922 1375 1115 1452; x_wconf 84' lang='lat' dir='ltr'>recentes?</span> 
     </span>
     <span class='ocr_line' id='line_1_13' title="bbox 168 1472 1035 1585; baseline -0.001 -25"><span class='ocrx_word' id='word_1_82' title='bbox 168 1483 230 1560; x_wconf 88' lang='lat' dir='ltr'>Ut</span> <span class='ocrx_word' id='word_1_83' title='bbox 244 1472 514 1558; x_wconf 89' lang='lat' dir='ltr'>consecrentur</span> <span class='ocrx_word' id='word_1_84' title='bbox 529 1473 604 1557; x_wconf 89' lang='lat' dir='ltr'>rite</span> <span class='ocrx_word' id='word_1_85' title='bbox 615 1503 732 1584; x_wconf 88' lang='lat' dir='ltr'>quam</span> <span class='ocrx_word' id='word_1_86' title='bbox 745 1477 911 1585; x_wconf 84' lang='lat' dir='ltr'>primunr</span> <span class='ocrx_word' id='word_1_87' title='bbox 933 1481 1035 1560; x_wconf 90' lang='lat' dir='ltr'>Deo.</span> 
     </span>
    </p>

    <p class='ocr_par' dir='ltr' id='par_1_8' title="bbox 113 1582 1201 1803">
     <span class='ocr_line' id='line_1_14' title="bbox 113 1582 1201 1695; baseline 0.004 -25"><span class='ocrx_word' id='word_1_88' title='bbox 113 1589 260 1670; x_wconf 88' lang='lat' dir='ltr'>Nonne</span> <span class='ocrx_word' id='word_1_89' title='bbox 272 1584 385 1666; x_wconf 80' lang='lat' dir='ltr'>fidens</span> <span class='ocrx_word' id='word_1_90' title='bbox 402 1582 725 1694; x_wconf 72' lang='lat' dir='ltr'>praemittitaquis</span> <span class='ocrx_word' id='word_1_91' title='bbox 742 1583 887 1666; x_wconf 88' lang='lat' dir='ltr'>Divina</span> <span class='ocrx_word' id='word_1_92' title='bbox 901 1594 1091 1695; x_wconf 85' lang='lat' dir='ltr'>papyrus?</span> <span class='ocrx_word' id='word_1_93' title='bbox 1194 1658 1201 1674; x_wconf 78' lang='grc'><strong><em>,</em></strong></span> 
     </span>
     <span class='ocr_line' id='line_1_15' title="bbox 166 1690 1033 1803; baseline -0.006 -25"><span class='ocrx_word' id='word_1_94' title='bbox 166 1694 280 1778; x_wconf 87' lang='lat' dir='ltr'>Fides</span> <span class='ocrx_word' id='word_1_95' title='bbox 300 1713 503 1801; x_wconf 89' lang='lat' dir='ltr'>parentum</span> <span class='ocrx_word' id='word_1_96' title='bbox 530 1705 566 1779; x_wconf 73' lang='grc' dir='ltr'>ἃ</span> <span class='ocrx_word' id='word_1_97' title='bbox 594 1715 691 1778; x_wconf 88' lang='lat' dir='ltr'>vota</span> <span class='ocrx_word' id='word_1_98' title='bbox 708 1690 869 1803; x_wconf 90' lang='lat' dir='ltr'>prosunt</span> <span class='ocrx_word' id='word_1_99' title='bbox 893 1694 1033 1777; x_wconf 83' lang='lat' dir='ltr'>liberis.</span> 
     </span>
    </p>

    <p class='ocr_par' dir='ltr' id='par_1_9' title="bbox 112 1800 1093 2017">
     <span class='ocr_line' id='line_1_16' title="bbox 112 1800 1093 1911; baseline -0.002 -25"><span class='ocrx_word' id='word_1_100' title='bbox 112 1808 213 1911; x_wconf 79' lang='lat' dir='ltr'>Qtae</span> <span class='ocrx_word' id='word_1_101' title='bbox 233 1805 336 1885; x_wconf 87' lang='lat' dir='ltr'>bona</span> <span class='ocrx_word' id='word_1_102' title='bbox 349 1800 545 1910; x_wconf 77' lang='lat' dir='ltr'>signantur</span> <span class='ocrx_word' id='word_1_103' title='bbox 562 1802 769 1886; x_wconf 89' lang='lat' dir='ltr'>venerandi</span> <span class='ocrx_word' id='word_1_104' title='bbox 783 1803 950 1886; x_wconf 86' lang='lat' dir='ltr'>fluminis</span> <span class='ocrx_word' id='word_1_105' title='bbox 963 1803 1093 1884; x_wconf 76' lang='lat' dir='ltr'>ands?</span> 
     </span>
     <span class='ocr_line' id='line_1_17' title="bbox 167 1911 1047 2017; baseline -0.001 -23"><span class='ocrx_word' id='word_1_106' title='bbox 167 1913 302 2017; x_wconf 89' lang='lat' dir='ltr'>Venia,</span> <span class='ocrx_word' id='word_1_107' title='bbox 321 1933 428 1994; x_wconf 90' lang='lat' dir='ltr'>ortus</span> <span class='ocrx_word' id='word_1_108' title='bbox 442 1911 552 2015; x_wconf 83' lang='lat' dir='ltr'>alter,</span> <span class='ocrx_word' id='word_1_109' title='bbox 567 1911 648 1996; x_wconf 89' lang='lat' dir='ltr'>vita</span> <span class='ocrx_word' id='word_1_110' title='bbox 666 1911 714 1992; x_wconf 92' lang='lat' dir='ltr'>de</span> <span class='ocrx_word' id='word_1_111' title='bbox 736 1912 889 1995; x_wconf 85' lang='lat' dir='ltr'>tumulo</span> <span class='ocrx_word' id='word_1_112' title='bbox 914 1912 1047 1996; x_wconf 85' lang='lat' dir='ltr'>redux.</span> 
     </span>
    </p>

    <p class='ocr_par' dir='ltr' id='par_1_10' title="bbox 111 2018 1157 2237">
     <span class='ocr_line' id='line_1_18' title="bbox 111 2018 1157 2132; baseline -0.004 -26"><span class='ocrx_word' id='word_1_113' title='bbox 111 2022 204 2126; x_wconf 89' lang='lat' dir='ltr'>Dic,</span> <span class='ocrx_word' id='word_1_114' title='bbox 230 2048 329 2132; x_wconf 89' lang='lat' dir='ltr'>aqua</span> <span class='ocrx_word' id='word_1_115' title='bbox 350 2048 418 2102; x_wconf 89' lang='lat' dir='ltr'>cur</span> <span class='ocrx_word' id='word_1_116' title='bbox 437 2018 587 2103; x_wconf 90' lang='lat' dir='ltr'>veniam</span> <span class='ocrx_word' id='word_1_117' title='bbox 603 2019 723 2103; x_wconf 87' lang='lat' dir='ltr'>sancit</span> <span class='ocrx_word' id='word_1_118' title='bbox 737 2019 871 2101; x_wconf 88' lang='lat' dir='ltr'>diffusa</span> <span class='ocrx_word' id='word_1_119' title='bbox 891 2049 960 2130; x_wconf 91' lang='lat' dir='ltr'>per</span> <span class='ocrx_word' id='word_1_120' title='bbox 982 2027 1111 2105; x_wconf 89' lang='lat' dir='ltr'>artus?</span> <span class='ocrx_word' id='word_1_121' title='bbox 1154 2025 1157 2031; x_wconf 71' lang='grc'><strong>”</strong></span> 
     </span>
     <span class='ocr_line' id='line_1_19' title="bbox 166 2127 1072 2237; baseline -0.002 -23"><span class='ocrx_word' id='word_1_122' title='bbox 166 2131 337 2214; x_wconf 83' lang='lat' dir='ltr'>Maculas</span> <span class='ocrx_word' id='word_1_123' title='bbox 357 2151 403 2211; x_wconf 88' lang='lat' dir='ltr'>ut</span> <span class='ocrx_word' id='word_1_124' title='bbox 426 2127 553 2214; x_wconf 91' lang='lat' dir='ltr'>aufert</span> <span class='ocrx_word' id='word_1_125' title='bbox 572 2129 688 2234; x_wconf 82' lang='lat' dir='ltr'>unda,</span> <span class='ocrx_word' id='word_1_126' title='bbox 715 2127 764 2211; x_wconf 86' lang='lat' dir='ltr'>fic</span> <span class='ocrx_word' id='word_1_127' title='bbox 790 2130 941 2237; x_wconf 90' lang='lat' dir='ltr'>culpam</span> <span class='ocrx_word' id='word_1_128' title='bbox 953 2136 1072 2214; x_wconf 87' lang='lat' dir='ltr'>Deus.</span> 
     </span>
    </p>

    <p class='ocr_par' dir='ltr' id='par_1_11' title="bbox 112 2238 1075 2457">
     <span class='ocr_line' id='line_1_20' title="bbox 112 2238 1075 2350; baseline -0.004 -27"><span class='ocrx_word' id='word_1_129' title='bbox 112 2242 312 2350; x_wconf 79' lang='lat' dir='ltr'>Qraeritur</span> <span class='ocrx_word' id='word_1_130' title='bbox 334 2268 382 2349; x_wconf 89' lang='lat' dir='ltr'>an</span> <span class='ocrx_word' id='word_1_131' title='bbox 397 2239 543 2322; x_wconf 86' lang='lat' dir='ltr'>meritis</span> <span class='ocrx_word' id='word_1_132' title='bbox 562 2239 643 2321; x_wconf 84' lang='lat' dir='ltr'>haec</span> <span class='ocrx_word' id='word_1_133' title='bbox 662 2238 900 2347; x_wconf 85' lang='lat' dir='ltr'>indulgentia</span> <span class='ocrx_word' id='word_1_134' title='bbox 914 2239 1075 2323; x_wconf 88' lang='lat' dir='ltr'>nostris?</span> 
     </span>
     <span class='ocr_line' id='line_1_21' title="bbox 168 2345 1004 2457; baseline -0.004 -24"><span class='ocrx_word' id='word_1_135' title='bbox 168 2356 250 2434; x_wconf 88' lang='lat' dir='ltr'>Dat</span> <span class='ocrx_word' id='word_1_136' title='bbox 264 2349 363 2431; x_wconf 81' lang='lat' dir='ltr'>hanc</span> <span class='ocrx_word' id='word_1_137' title='bbox 386 2345 450 2431; x_wconf 92' lang='lat' dir='ltr'>sua</span> <span class='ocrx_word' id='word_1_138' title='bbox 464 2345 648 2457; x_wconf 20' lang='lat' dir='ltr'>&#39;bonitate</span> <span class='ocrx_word' id='word_1_139' title='bbox 667 2370 863 2457; x_wconf 88' lang='lat' dir='ltr'>permotus</span> <span class='ocrx_word' id='word_1_140' title='bbox 881 2358 1004 2433; x_wconf 84' lang='lat' dir='ltr'>Pater.</span> 
     </span>
    </p>

    <p class='ocr_par' dir='ltr' id='par_1_12' title="bbox 112 2456 1081 2677">
     <span class='ocr_line' id='line_1_22' title="bbox 112 2456 1081 2568; baseline -0.01 -22"><span class='ocrx_word' id='word_1_141' title='bbox 112 2463 244 2546; x_wconf 86' lang='lat' dir='ltr'>Nemo</span> <span class='ocrx_word' id='word_1_142' title='bbox 258 2459 377 2568; x_wconf 85' lang='lat' dir='ltr'>igitur</span> <span class='ocrx_word' id='word_1_143' title='bbox 392 2456 503 2540; x_wconf 93' lang='lat' dir='ltr'>nobis</span> <span class='ocrx_word' id='word_1_144' title='bbox 518 2457 669 2566; x_wconf 87' lang='lat' dir='ltr'>peperit</span> <span class='ocrx_word' id='word_1_145' title='bbox 684 2460 934 2566; x_wconf 21' lang='lat' dir='ltr'>tam-grandia</span> <span class='ocrx_word' id='word_1_146' title='bbox 948 2457 1081 2541; x_wconf 88' lang='lat' dir='ltr'>dona?</span> 
     </span>
     <span class='ocr_line' id='line_1_23' title="bbox 168 2562 882 2677; baseline -0.004 -27"><span class='ocrx_word' id='word_1_147' title='bbox 168 2566 304 2652; x_wconf 77' lang='lat' dir='ltr'>insons</span> <span class='ocrx_word' id='word_1_148' title='bbox 314 2562 427 2677; x_wconf 66' lang='lat' dir='ltr'>xJesus</span> <span class='ocrx_word' id='word_1_149' title='bbox 451 2567 643 2675; x_wconf 88' lang='lat' dir='ltr'>imputato</span> <span class='ocrx_word' id='word_1_150' title='bbox 655 2564 848 2677; x_wconf 83' lang='lat' dir='ltr'>sanguine.</span> <span class='ocrx_word' id='word_1_151' title='bbox 879 2565 882 2570; x_wconf 76' lang='grc'><strong>’</strong></span> 
     </span>
    </p>

    <p class='ocr_par' dir='ltr' id='par_1_13' title="bbox 112 2673 1133 2897">
     <span class='ocr_line' id='line_1_24' title="bbox 112 2673 1133 2786; baseline -0.003 -25"><span class='ocrx_word' id='word_1_152' title='bbox 112 2679 195 2785; x_wconf 78' lang='lat' dir='ltr'>Qui</span> <span class='ocrx_word' id='word_1_153' title='bbox 213 2677 313 2781; x_wconf 87' lang='lat' dir='ltr'>sunt,</span> <span class='ocrx_word' id='word_1_154' title='bbox 334 2673 455 2786; x_wconf 86' lang='lat' dir='ltr'>prisca</span> <span class='ocrx_word' id='word_1_155' title='bbox 467 2679 574 2758; x_wconf 89' lang='lat' dir='ltr'>Deus</span> <span class='ocrx_word' id='word_1_156' title='bbox 591 2704 757 2786; x_wconf 87' lang='lat' dir='ltr'>quorum</span> <span class='ocrx_word' id='word_1_157' title='bbox 768 2694 921 2784; x_wconf 87' lang='lat' dir='ltr'>peccata</span> <span class='ocrx_word' id='word_1_158' title='bbox 944 2675 1133 2758; x_wconf 83' lang='lat' dir='ltr'>remittit?</span> 
     </span>
     <span class='ocr_line' id='line_1_25' title="bbox 168 2781 1035 2897; baseline -0.01 -29"><span class='ocrx_word' id='word_1_159' title='bbox 168 2786 250 2897; x_wconf 70' lang='lat' dir='ltr'>Qui</span> <span class='ocrx_word' id='word_1_160' title='bbox 274 2788 313 2868; x_wconf 84' lang='lat' dir='ltr'>se</span> <span class='ocrx_word' id='word_1_161' title='bbox 332 2785 418 2867; x_wconf 85' lang='lat' dir='ltr'>reos</span> <span class='ocrx_word' id='word_1_162' title='bbox 430 2781 615 2888; x_wconf 86' lang='lat' dir='ltr'>fatentur,</span> <span class='ocrx_word' id='word_1_163' title='bbox 641 2796 677 2870; x_wconf 73' lang='grc' dir='ltr'>ἃ</span> <span class='ocrx_word' id='word_1_164' title='bbox 726 2814 795 2868; x_wconf 89' lang='lat' dir='ltr'>uos</span> <span class='ocrx_word' id='word_1_165' title='bbox 809 2783 991 2892; x_wconf 89' lang='lat' dir='ltr'>poenitet.</span> <span class='ocrx_word' id='word_1_166' title='bbox 1031 2854 1035 2859; x_wconf 87' lang='lat'>.</span> 
     </span>
    </p>

    <p class='ocr_par' dir='ltr' id='par_1_14' title="bbox 113 2815 1213 3445">
     <span class='ocr_line' id='line_1_26' title="bbox 113 2815 1212 3007; baseline -0.006 -27"><span class='ocrx_word' id='word_1_167' title='bbox 113 2902 243 3006; x_wconf 81' lang='lat' dir='ltr'>Qem</span> <span class='ocrx_word' id='word_1_168' title='bbox 256 2894 422 3007; x_wconf 81' lang='lat' dir='ltr'>peccasse</span> <span class='ocrx_word' id='word_1_169' title='bbox 436 2893 555 3003; x_wconf 91' lang='lat' dir='ltr'>pudet</span> <span class='ocrx_word' id='word_1_170' title='bbox 568 2815 775 2977; x_wconf 48' lang='lat' dir='ltr'>veniae‘iibi</span> <span class='ocrx_word' id='word_1_171' title='bbox 790 2891 961 2976; x_wconf 86' lang='lat' dir='ltr'>conscius</span> <span class='ocrx_word' id='word_1_172' title='bbox 973 2921 1071 3004; x_wconf 83' lang='lat' dir='ltr'>ergo</span> <span class='ocrx_word' id='word_1_173' title='bbox 1079 2891 1157 2976; x_wconf 88' lang='lat' dir='ltr'>est?</span> <span class='ocrx_word' id='word_1_174' title='bbox 1210 2968 1212 2973; x_wconf 86' lang='lat'><em>.</em></span> 
     </span>
     <span class='ocr_line' id='line_1_27' title="bbox 169 3000 1152 3117; baseline -0.006 -27"><span class='ocrx_word' id='word_1_175' title='bbox 169 3009 209 3090; x_wconf 88' lang='lat' dir='ltr'>Si</span> <span class='ocrx_word' id='word_1_176' title='bbox 231 3001 588 3117; x_wconf 82' lang='lat' dir='ltr'>pollicenti&#39;credit,</span> <span class='ocrx_word' id='word_1_177' title='bbox 615 3000 753 3090; x_wconf 84' lang='lat' dir='ltr'>&amp;fidit</span> <span class='ocrx_word' id='word_1_178' title='bbox 778 3008 880 3085; x_wconf 91' lang='lat' dir='ltr'>Deo.</span> <span class='ocrx_word' id='word_1_179' title='bbox 1150 3060 1152 3065; x_wconf 88' lang='lat'>-</span> 
     </span>
     <span class='ocr_line' id='line_1_28' title="bbox 114 3108 1092 3221; baseline -0.008 -20"><span class='ocrx_word' id='word_1_180' title='bbox 114 3116 231 3202; x_wconf 85' lang='lat' dir='ltr'>Estne</span> <span class='ocrx_word' id='word_1_181' title='bbox 253 3117 394 3198; x_wconf 87' lang='lat' dir='ltr'>iterum</span> <span class='ocrx_word' id='word_1_182' title='bbox 417 3108 525 3221; x_wconf 78' lang='lat' dir='ltr'>lapsis</span> <span class='ocrx_word' id='word_1_183' title='bbox 545 3111 670 3199; x_wconf 85' lang='lat' dir='ltr'>veniae</span> <span class='ocrx_word' id='word_1_184' title='bbox 685 3109 767 3221; x_wconf 89' lang='lat' dir='ltr'>spes</span> <span class='ocrx_word' id='word_1_185' title='bbox 790 3111 868 3193; x_wconf 83' lang='lat' dir='ltr'>ulla</span> <span class='ocrx_word' id='word_1_186' title='bbox 887 3108 1092 3220; x_wconf 86' lang='lat' dir='ltr'>superstes?</span> 
     </span>
     <span class='ocr_line' id='line_1_29' title="bbox 170 3218 1151 3334; baseline -0.007 -25"><span class='ocrx_word' id='word_1_187' title='bbox 170 3225 291 3328; x_wconf 84' lang='lat' dir='ltr'>Est,sr</span> <span class='ocrx_word' id='word_1_188' title='bbox 313 3224 454 3334; x_wconf 88' lang='lat' dir='ltr'>patrati</span> <span class='ocrx_word' id='word_1_189' title='bbox 467 3222 614 3304; x_wconf 85' lang='lat' dir='ltr'>sceleris</span> <span class='ocrx_word' id='word_1_190' title='bbox 635 3247 683 3303; x_wconf 83' lang='lat' dir='ltr'>ex</span> <span class='ocrx_word' id='word_1_191' title='bbox 703 3220 835 3304; x_wconf 88' lang='lat' dir='ltr'>animo</span> <span class='ocrx_word' id='word_1_192' title='bbox 847 3218 968 3330; x_wconf 82' lang='lat' dir='ltr'>piget.</span> <span class='ocrx_word' id='word_1_193' title='bbox 1074 3286 1076 3291; x_wconf 88' lang='lat'>.</span> <span class='ocrx_word' id='word_1_194' title='bbox 1148 3326 1151 3330; x_wconf 10' lang='grc' dir='ltr'><em>ι</em></span> 
     </span>
     <span class='ocr_line' id='line_1_30' title="bbox 116 3329 1213 3445; baseline -0.007 -25"><span class='ocrx_word' id='word_1_195' title='bbox 116 3335 193 3435; x_wconf 82' lang='lat' dir='ltr'>Sed</span> <span class='ocrx_word' id='word_1_196' title='bbox 218 3334 313 3445; x_wconf 89' lang='lat' dir='ltr'>quid</span> <span class='ocrx_word' id='word_1_197' title='bbox 328 3333 443 3416; x_wconf 87' lang='lat' dir='ltr'>habet</span> <span class='ocrx_word' id='word_1_198' title='bbox 455 3329 625 3440; x_wconf 87' lang='lat' dir='ltr'>lymphis</span> <span class='ocrx_word' id='word_1_199' title='bbox 645 3357 849 3433; x_wconf 89' lang='lat' dir='ltr'>commune</span> <span class='ocrx_word' id='word_1_200' title='bbox 874 3330 1065 3416; x_wconf 90' lang='lat' dir='ltr'>recentior</span> <span class='ocrx_word' id='word_1_201' title='bbox 1076 3336 1213 3431; x_wconf 86' lang='lat' dir='ltr'>ortus?</span> 
     </span>
    </p>

    <p class='ocr_par' dir='ltr' id='par_1_15' title="bbox 82 3437 1257 3882">
     <span class='ocr_line' id='line_1_31' title="bbox 119 3437 930 3531; baseline -0.016 1"><span class='ocrx_word' id='word_1_202' title='bbox 119 3446 121 3450; x_wconf 70' lang='grc'><strong>’</strong></span> <span class='ocrx_word' id='word_1_203' title='bbox 172 3451 236 3531; x_wconf 87' lang='lat' dir='ltr'>Ut</span> <span class='ocrx_word' id='word_1_204' title='bbox 248 3441 389 3527; x_wconf 87' lang='lat' dir='ltr'>mersus</span> <span class='ocrx_word' id='word_1_205' title='bbox 402 3437 513 3525; x_wconf 92' lang='lat' dir='ltr'>undis</span> <span class='ocrx_word' id='word_1_206' title='bbox 532 3437 771 3524; x_wconf 89' lang='lat' dir='ltr'>Christianus</span> <span class='ocrx_word' id='word_1_207' title='bbox 786 3440 930 3522; x_wconf 87' lang='lat' dir='ltr'>interit.</span> 
     </span>
     <span class='ocr_line' id='line_1_32' title="bbox 118 3546 1242 3662; baseline -0.004 -26"><span class='ocrx_word' id='word_1_208' title='bbox 118 3557 262 3645; x_wconf 84' lang='lat' dir='ltr'>Vivere</span> <span class='ocrx_word' id='word_1_209' title='bbox 275 3574 317 3635; x_wconf 89' lang='lat' dir='ltr'>at</span> <span class='ocrx_word' id='word_1_210' title='bbox 334 3548 533 3662; x_wconf 80' lang='lat' dir='ltr'>huncipsi</span> <span class='ocrx_word' id='word_1_211' title='bbox 552 3570 681 3632; x_wconf 91' lang='lat' dir='ltr'>tamen</span> <span class='ocrx_word' id='word_1_212' title='bbox 694 3546 889 3658; x_wconf 84' lang='lat' dir='ltr'>&amp;spirare</span> <span class='ocrx_word' id='word_1_213' title='bbox 907 3546 1089 3632; x_wconf 87' lang='lat' dir='ltr'>videmus.</span> <span class='ocrx_word' id='word_1_214' title='bbox 1140 3579 1143 3585; x_wconf 79' lang='grc'><strong>’</strong></span> <span class='ocrx_word' id='word_1_215' title='bbox 1201 3646 1205 3652; x_wconf 36' lang='grc'>,</span> <span class='ocrx_word' id='word_1_216' title='bbox 1240 3645 1242 3649; x_wconf 39' lang='grc'><em>,</em></span> 
     </span>
     <span class='ocr_line' id='line_1_33' title="bbox 174 3657 1257 3768; baseline -0.011 -19"><span class='ocrx_word' id='word_1_217' title='bbox 174 3667 270 3749; x_wconf 91' lang='lat' dir='ltr'>Non</span> <span class='ocrx_word' id='word_1_218' title='bbox 284 3659 352 3752; x_wconf 89' lang='lat' dir='ltr'>ille</span> <span class='ocrx_word' id='word_1_219' title='bbox 362 3660 484 3768; x_wconf 85' lang='lat' dir='ltr'>culpae</span> <span class='ocrx_word' id='word_1_220' title='bbox 498 3659 612 3762; x_wconf 82' lang='lat' dir='ltr'>vivit,</span> <span class='ocrx_word' id='word_1_221' title='bbox 637 3681 705 3742; x_wconf 91' lang='lat' dir='ltr'>aut</span> <span class='ocrx_word' id='word_1_222' title='bbox 726 3659 840 3742; x_wconf 88' lang='lat' dir='ltr'>etiam</span> <span class='ocrx_word' id='word_1_223' title='bbox 863 3657 943 3740; x_wconf 89' lang='lat' dir='ltr'>fibi.</span> <span class='ocrx_word' id='word_1_224' title='bbox 1071 3758 1074 3763; x_wconf 84' lang='lat'><em>.</em></span> <span class='ocrx_word' id='word_1_225' title='bbox 1254 3694 1257 3700; x_wconf 91' lang='lat'>·</span> 
     </span>
     <span class='ocr_line' id='line_1_34' title="bbox 82 3767 1204 3882; baseline 0.003 -34"><span class='ocrx_word' id='word_1_226' title='bbox 82 3840 86 3848; x_wconf 92' lang='lat'>.</span> <span class='ocrx_word' id='word_1_227' title='bbox 117 3779 220 3882; x_wconf 80' lang='lat' dir='ltr'>Qrae</span> <span class='ocrx_word' id='word_1_228' title='bbox 233 3772 314 3855; x_wconf 88' lang='lat' dir='ltr'>vita</span> <span class='ocrx_word' id='word_1_229' title='bbox 328 3767 503 3851; x_wconf 88' lang='lat' dir='ltr'>induitur</span> <span class='ocrx_word' id='word_1_230' title='bbox 524 3768 678 3851; x_wconf 90' lang='lat' dir='ltr'>meliori</span> <span class='ocrx_word' id='word_1_231' title='bbox 691 3767 775 3850; x_wconf 80' lang='lat' dir='ltr'>luce</span> <span class='ocrx_word' id='word_1_232' title='bbox 786 3775 954 3852; x_wconf 87' lang='lat' dir='ltr'>renato?</span> <span class='ocrx_word' id='word_1_233' title='bbox 1199 3782 1204 3789; x_wconf 82' lang='grc'>’</span> 
     </span>
    </p>
   </div>
   <div class='ocr_carea' id='block_1_4' title="bbox 175 3840 1219 4068">
    <p class='ocr_par' dir='ltr' id='par_1_16' title="bbox 175 3840 1219 4068">
     <span class='ocr_line' id='line_1_35' title="bbox 175 3840 1219 4068; baseline -0.012 -97"><span class='ocrx_word' id='word_1_234' title='bbox 175 3881 240 3971; x_wconf 82' lang='lat' dir='ltr'>Ad</span> <span class='ocrx_word' id='word_1_235' title='bbox 254 3881 334 3996; x_wconf 83' lang='lat' dir='ltr'>ejus</span> <span class='ocrx_word' id='word_1_236' title='bbox 355 3877 471 4020; x_wconf 86' lang='lat' dir='ltr'>instar</span> <span class='ocrx_word' id='word_1_237' title='bbox 487 3904 602 3991; x_wconf 87' lang='lat' dir='ltr'>quem</span> <span class='ocrx_word' id='word_1_238' title='bbox 624 3882 715 3965; x_wconf 90' lang='lat' dir='ltr'>Deo</span> <span class='ocrx_word' id='word_1_239' title='bbox 733 3898 894 3991; x_wconf 89' lang='lat' dir='ltr'>propter</span> <span class='ocrx_word' id='word_1_240' title='bbox 912 3876 1052 3989; x_wconf 85' lang='lat' dir='ltr'>placet.</span> <span class='ocrx_word' id='word_1_241' title='bbox 1083 3990 1097 4004; x_wconf 49' lang='lat'>„.</span> <span class='ocrx_word' id='word_1_242' title='bbox 1123 3840 1219 4068; x_wconf 39' lang='grc' dir='ltr'>υΝὴ</span> 
     </span>
    </p>
   </div>
   <div class='ocr_carea' id='block_1_5' title="bbox 0 0 1306 4448">
    <p class='ocr_par' dir='ltr' id='par_1_17' title="bbox 0 0 1306 4448">
     <span class='ocr_line' id='line_1_36' title="bbox 0 0 1306 4448; baseline 0 0"><span class='ocrx_word' id='word_1_243' title='bbox 0 0 1306 4448; x_wconf 95' lang='lat' dir='ltr'> </span> 
     </span>
    </p>
   </div>
  </div>
 </body>
</html>
