2588 4448
490 167 748 306 Institutio
903 279 905 283 ,
1136 207 1171 313 3

66 324 190 436 Qiod
208 323 313 431 tulit,
339 324 411 410 ede
431 325 546 430 mihi,
571 326 721 412 Divina
739 328 930 437 Pnerpera
950 345 1120 412 nomen?

125 439 247 545 Stirps
265 437 478 521 Abrahami
493 438 633 543 Maria,
659 436 823 520 Davidis
835 464 967 547 genos.

10 630 14 637 .
64 554 176 658 Ergo
199 551 289 630 Deo
311 543 483 631 diversus
498 546 635 651 homo,
661 546 823 657 binique
846 548 982 630 fuere?

121 666 330 741 Eratonos
351 657 467 761 idem,
493 658 638 769 quique
652 661 789 763 homo,
814 657 960 768 quique
975 669 1010 743 ὅ(
1025 664 1147 743 Deus.

65 767 360 850 Permixtumne
382 767 460 849 fuit
486 793 573 849 cum
595 794 679 850 non
695 766 882 875 pereunte
907 768 1121 852 caducum?

125 876 328 963 Convenit
354 876 600 987 impermixta
618 874 756 961 natura
777 898 953 988 utraque.

68 985 267 1073 Afferrine
291 986 415 1095 potest
437 1012 510 1077 res,
522 984 603 1069 'hoc
618 1015 705 1096 quae
725 983 857 1070 foedus
873 986 1113 1095 ¹adumbret?

129 1096 266 1180 Existit
285 1098 406 1180 homo
424 1093 474 1177 fic
495 1123 593 1179 unus
605 1095 751 1199 animo,
777 1107 814 1183 ὅ(
830 1110 1010 1204 corpore.

71 1207 198 1290 Natus
210 1228 251 1285 at
263 1205 332 1289 ille
347 1203 425 1290 Dei
439 1233 506 1289 cur
522 1207 682 1290 nomine
698 1205 824 1290 dietus
838 1205 955 1325 Jesn?

128 1321 215 1401 Vox
233 1315 302 1399 ista
323 1316 489 1420 Solymis
503 1312 770 1424 sospitatorem
785 1333 910 1397 notat.

70 1423 249 1510 Nomine
265 1450 333 1508 cur
352 1424 464 1508 illum
485 1423 633 1509 christi
653 1422 721 1534 pin
743 1426 857 1532 turba
874 1422 1069 1508 celebrat?
1154 1456 1162 1467 ·

126 1541 219 1615 Mos
232 1539 381 1645 Regem
397 1533 557 1646 inungi:
585 1533 678 1617 fecit
690 1533 793 1618 hunc
810 1538 958 1651 Regem
970 1542 1096 1619 Pater.
1157 1632 1161 1641 ⁸

69 1642 162 1750 Qui
178 1669 274 1726 vero
292 1644 445 1753 peperit
465 1645 579 1728 nobis
595 1645 745 1728 ratione
760 1641 950 1728 salntem?

127 1750 232 1857 Viti,
255 1773 372 1865 atque
386 1775 527 1859 morte,
553 1752 695 1837 deinde
709 1753 791 1840 vin
804 1752 968 1839 redditi.

69 1860 182 1945 Illius
202 1888 252 1943 ex
265 1862 526 1974 viriquosest
541 1861 616 1947 tibi
630 1890 787 1974 carpere
810 1860 987 1948 fructus?

127 1975 258 2054 Docet
277 1972 345 2055 illa
364 1974 506 2078 verbis,
531 1974 718 2058 monstrat
741 1998 851 2056 exem
881 1975 922 2057 lo
951 1976 1068 2058 viam.

69 2078 286 2190 Perspich
308 2082 494 2195 quicquid
510 2082 659 2188 docuit,
682 2002 943 2193 completione
966 2082 1122 2168 summi.

126 2191 260 2297 Nom,
282 2212 399 2317 atque
411 2194 508 2304 puri
522 2215 652 2276 mente
664 2192 840 2277 venerari
858 2195 986 2276 Deum
1156 2286 1160 2293 ,

74 2299 181 2408 Qas
202 2301 312 2411 cupit
335 2304 405 2387 1sta
427 2300 496 2387 fibi
517 2294 674 2412 pietatis
689 2304 822 2414 regula
835 2314 988 2412 partes?
1094 2366 1096 2371 -

124 2416 221 2516 Has,
234 2412 615 2536 paeniterecredere
641 2423 678 2500 ἃ
698 2414 798 2497 bene
813 2412 958 2498 vivere.
1062 2438 1066 2449 ·

70 2517 165 2624 Dic,
186 2521 282 2630 qnid
297 2518 483 2634 significet
500 2544 585 2631 pars
598 2520 671 2605 isto
685 2550 735 2606 ex
748 2520 889 2606 ordine
904 2524 1057 2634 prima?

127 2632 339 2714 Commiffa
352 2631 457 2737 fiere,
483 2631 611 2717 flenda
626 2659 710 2715 non
729 2631 985 2717 committere.

72 2741 264 2844 Qraenam
283 2750 377 2838 'vera
395 2740 487 2827 fides
501 2762 646 2826 certam
662 2743 836 2851 paritura
853 2740 1041 2826 salutem?

127 2854 220 2933 Deo
240 2851 419 2964 loquenti
443 2848 614 2956 credere,
640 2864 676 2940 ot
699 2846 907 2937 confideress

75 2962 131 3041 At
155 2959 218 3041 cui
236 2988 306 3045 nos
329 2988 429 3072 opus
448 2964 502 3061 est
515 2960 706 3071 imprimis
729 2962 884 3047 credere
905 2962 1048 3047 dicio?

129 3069 262 3159 Gratis
282 3071 391 3180 qnod
413 3072 592 3156 homines
604 3070 766 3156 crimine
785 3070 952 3156 absolvit
973 3078 1091 3155 Deus.
1123 3158 1128 3167 ,
1156 3174 1159 3181 ¹

74 3177 183 3285 Qid
199 3178 404 3266 benefacta
419 3182 552 3293 igitur,
573 3210 659 3291 quae
681 3183 742 3265 lex
760 3180 971 3291 praescribit
984 3182 1152 3266 amoris?

128 3296 226 3372 Sunt
242 3291 311 3375 ista
336 3290 428 3376 fidei
451 3290 615 3397 fruetus,
639 3291 825 3401 advitam
841 3293 920 3378 via.
1085 3328 1088 3333 ·

72 3399 253 3483 Sanstior
267 3428 358 3484 aura
373 3400 451 3485 Dei
470 3429 569 3512 qnos
586 3399 702 3484 nobis
718 3401 843 3503 dietat
856 3393 1069 3485 amandos'?

40 3588 45 3599 .
129 3512 262 3593 Deum
270 3511 989 3622 catecumini,proximequehominem
999 3515 1179 3603 alterum.

73 3621 140 3702 -An
158 3619 311 3727 privata
325 3622 565 3731 cupitDeus‚
590 3650 639 3704 an
658 3621 879 3727 commonia
894 3628 1014 3707 vota?
1071 3694 1077 3706 .

74 3809 81 3823 ,
126 3728 227 3813 Vult
239 3750 402 3841 utraque
416 3731 571 3840 genitor
582 3729 831 3842 fingulornm,
857 3755 897 3815 at
926 3731 1177 3825 ueonmium.

75 3836 339 4035 Qidcupitn
360 3842 473 3925 nobis
492 3840 640 3926 Divina
661 3840 839 3950 potentia
852 3764 987 3953 poici?

119 3950 229 4111 'Qo
266 3948 502 4064 gloriaeipfi,
526 3948 711 4152 quodqpe
721 3952 840 4145 pobis
860 3952 944 4038 uiui
958 3953 1024 4040 est.
1081 3982 1209 4169 Q&
1288 4086 1291 4090 ι
