2588 4448
261 194 532 300 Sermonem
549 182 757 296 Domini.
789 185 942 292 Matr.
963 222 1001 311 5.
1080 193 1181 319 183

79 336 325 460 disciplinam
353 347 569 455 profitetur.
625 350 688 428 De
715 344 773 428 his
795 344 905 428 enim
926 341 1062 425 Paulus
1088 358 1188 451 praef

82 481 239 570 ceptum
258 456 511 544 Dominicurn
527 459 582 537 ait
595 457 762 546 exstare3
790 455 838 538 de
855 453 940 537 aliis
954 447 1093 532 diserte
1117 447 1188 532 ali-

84 570 181 679 quid
196 578 219 653 a
234 567 660 675 Do'minopraeceptum
675 583 803 672 negat.
847 556 1188 673 AugustirursEpi·

84 679 184 761 stola
211 694 271 784 89.
325 673 501 758 Ambobus
515 674 637 786 quippe
656 671 855 779 Christiana}
878 672 1047 755 Dominus
1061 685 1188 780 precs·

78 787 149 900 pit,
175 787 412 900 nequisquam
425 781 584 867 dimittat
603 809 755 885 uxorem,
781 784 921 892 excepti
945 779 1049 887 causi
1065 774 1189 888 forni-

81 897 257 980 cationes:
282 920 369 1004 quae
385 892 584 976 distinctio
605 891 762 975 maximi
779 894 832 974 est
845 891 1046 974 momenti.
1083 891 1189 971 Nam

85 1005 190 1088 inter
210 1004 319 1108 tales,
344 1001 488 1085 etiarnsi
511 1001 606 1112 quid
629 1023 825 1110 peccatum
852 999 897 1082 fit
914 998 1080 1109 gravius,
1105 1022 1191 1079 non

85 1115 143 1195 est
161 1110 393 1224 desperanda
415 1110 692 1208 reconciliatio,
722 1108 906 1221 quamdiu
921 1127 1084 1218 uterque
1105 1131 1188 1187 ma·

90 1242 159 1304 net
186 1223 227 1303 in
252 1222 386 1304 eidem
408 1215 648 1329 profeslione.
702 1227 798 1303 Sunt
830 1219 934 1300 enirn
962 1236 1188 1302 communes

91 1332 304 1415 monitores
353 1355 492 1412 uorum
520 1330 637 1437 aequis
666 1328 831 1411 consiliis
851 1328 984 1437 parere
1010 1323 1190 1407 debeant.

90 1440 242 1524 abbae
263 1360 495 1549 proielsrone
520 1467 602 1522 non
630 1439 770 1522 vitium
787 1437 988 1548 quodlibet
1007 1431 1190 1541 sed-prm·

85 1549 214 1633 fracta
233 1548 275 1629 in
299 1549 404 1635 vitiis
420 1548 663 1630 contumacia
684 1546 889 1630 excludito
905 1547 979 1658 Qi
1002 1543 1120 1646 enim,
1144 1559 1192 1623 ut

87 1657 357 1741 Tertullianus
380 1657 419 1740 lo
448 1655 566 1760 uitur,
598 1654 762 1738 excedunt
784 1654 827 1737 de
849 1659 967 1766 reguli
993 1649 1191 1763 discipline,

89 1764 240 1877 defirmat
257 1764 376 1848 baberi
398 1687 595 1876 cirthiani.
636 1772 729 1872 Qro
744 1768 848 1848 redte
862 1763 1029 1874 expenso
1051 1761 1191 1846 cessare

92 1875 276 1961 videntur
289 1875 490 1983 praecipuae
502 1898 595 1985 quas
609 1874 802 1960 movimus
812 1874 1063 1958 difficultates
1098 1870 1191 1954 Ello

87 1985 212 2090 enim,
237 1984 454 2096 deliquerit*
473 1985 677 2094 conjux-in
708 1985 935 2094 conjugem:
962 1980 1089 2066 Debet
1115 1980 1190 2059 effe

89 2094 353 2201 poenitentiae,
378 2094 543 2179 debet&
563 2094 686 2178 veniae
700 2095 816 2176 locus.
860 2089 1113 2175 Iracundia&
1130 2086 1189 2199 ul·

94 2202 212 2287 tionis
225 2202 413 2310 cupiditas
433 2203 560 2283 abesse
576 2203 730 2285 debent.
785 2201 892 2307 Quid
916 2200 1035 2311 igitur
1050 2198 1190 2297 obstat,

92 2312 299 2420 quominus
325 2311 368 2393 in
394 2313 643 2394 matrimonio
663 2312 873 2396 retineatur
895 2338 939 2393 ea
960 2334 1075 2421 quarn
1088 2305 1190 2390 serio

92 2421 191 2503 sadii
213 2420 397 2531 poenitet,
424 2419 493 2502 nisi
516 2422 700 2529 pudicitia
716 2421 760 2504 fit
773 2420 998 2503 imminuta?
1023 2423 1190 2526 Qo't'a-

91 2557 185 2614 men
205 2527 290 2639 ipso
309 2527 396 2611 casu
422 2530 533 2611 multi
554 2531 861 2612 Christianorum
890 2534 938 2613 ab
962 2529 1085 2611 altero
1109 2537 1191 2607 ma·

92 2640 284 2722 trimonio
307 2637 557 2741 abstinebant,
576 2639 691 2749 quod
713 2639 833 2749 ipsum
859 2641 914 2747 ita
935 2638 1099 2747 probare
1130 2634 1190 2720 vi·

79 2749 210 2834 detur
236 2747 414 2834 Clemens
432 2748 713 2831 Alexaridrinus
734 2768 926 2832 meamea
956 2775 1038 2829 non
1056 2741 1190 2855 erigat⁴
1256 2772 1258 2779 ·

95 2855 200 2965 quafi
215 2855 475 2940 necessarium,
519 2858 699 2965 Qidam
716 2858 846 2959 etiam,
872 2879 916 2940 ut
930 2852 1104 2953 Hermas,
1121 2858 1193 2960 pu'-

97 2966 234 3050 tabant
253 2967 452 3048 mulierem
473 2969 572 3074 post÷
586 2994 704 3052 unum
737 2966 925 3050 delisturn
952 2965 1041 3070 veri
1060 2961 1193 3070 poeni-

95 3075 221 3157 tentid
242 3077 385 3159 tadlam
411 3075 541 3184 recipi·
551 3076 692 3159 iterum
709 3075 868 3167 debere3
896 3095 1011 3184 atque
1029 3073 1082 3155 ob
1103 3080 1190 3156 earn

92 3179 204 3375 (spem
229 3185 278 3267 ab
300 3185 427 3267 altero·
448 3183 699 3269 matrimonio
723 3185 1000 3269 abstinendum.
1060 3185 1191 3288 Qum

110 3294 323 3375 ententiam
336 3318 384 3374 ex
399 3293 583 3375 bonitate·
595 3295 778 3403 peculiari
793 3296 912 3406 magis
929 3313 1055 3376 ortam
1075 3298 1194 3402 quam

93 3429 145 3484 ex
164 3403 367 3486 communi
387 3402 615 3514 receptique
636 3405 723 3514 lege
746 3424 903 3487 tum-ex
934 3404 1018 3485 aliis
1038 3422 1122 3484 tum
1143 3432 1194 3497 ex

99 3511 347 3594 Tertulliano
367 3535 539 3622 apparet,
559 3513 632 3622 qui
647 3542 728 3597 non
744 3541 824 3596 uno
846 3513 937 3623 loco
953 3511 1121 3597 ostendit
1133 3515 1195 3599 soa

100 3619 193 3703 litos
209 3618 466 3729 suotempore
490 3621 539 3704 ad
555 3621 845 3706 matrimonium
861 3616 1023 3729 'alterum
1039 3622 1197 3707 admitti

98 3728 169 3837 qui
189 3727 677 3817 obadulteriom'rixorem
705 3729 935 3818 dimisissent.
989 3732 1098 3831 Idem
1125 3729 1195 3815 suo

98 3859 277 3948 tempore
303 3838 574 4028 aquibusdam
597 3834 806 3948 Episcopis¹
820 3843 1039 3948 permissum
1066 3860 1198 3927 narrat

94 3947 316 4056 Origenes:
356 3947 405 4029 ed
427 3957 467 4033 dt·
480 3945 596 4030 serius
620 3947 806 4032 Conciliis
823 3951 1030 4036 ⁴Elilrerino
1056 3961 1093 4037 dt
1115 3956 1198 4035 Au-

97 4053 300 4142 relianensr
322 4065 359 4143 ἃ
378 4052 592 4143 Arelatensi
609 4056 784 4168 primo&
800 4061 989 4150 venetico
1000 4058 1230 4245 decretqu

248 4205 251 4209 ·
1091 4214 1096 4223 ·
1161 4191 1191 4248 c
