2588 4448
249 176 522 278 Sermonem
533 172 740 276 Domini.
778 163 933 278 Mate,
956 213 997 301 5.
1074 206 1176 313 255²

74 323 180 407 cltid.
207 325 272 410 Est
299 325 339 410 iu
363 326 463 407 hanc
486 351 567 407 rem
590 324 771 406 notabilis
796 329 946 407 Senecae
970 325 1173 410 sententiaa

131 452 195 532 46.
211 437 293 516 Tiro
304 434 415 540 μιιθὶν
428 432 531 533 {zoam
559 460 663 542 quam
679 431 862 513 mercedem
875 431 1040 516 babebit&
1050 436 1086 538 l]
1100 434 1177 520 Ni*

75 542 346 650 mirumapud
375 547 517 625 Deum.
546 547 657 626 Nam
695 543 799 650 apud
826 543 1001 636 homines
1030 544 1190 628 habent·

77 651 382 735 istamercedem.
411 652 610 758 Viduquae
624 648 833 759 sequuntur
848 650 949 736 infra
973 674 1022 737 6:

132 771 173 843 οἱ
183 761 326 858 τελῶναι,
337 757 538 871 publicani]
552 760 777 845 Publicanos
793 762 939 871 Judaeos
951 760 1062 845 fuisse
1075 763 1176 846 male

77 893 197 980 negat
212 871 505 961 Tertullianum
539 895 655 978 quem
677 881 713 955 ὃ(
737 871 915 952 Matthaei
937 883 974 957 ot
1001 873 1177 955 Zacohael
1219 878 1222 886 ‘

77 980 299 1086 exemplum
327 979 503 1062 revincit.
537 979 965 1085 Qanquamexislimo
989 982 1106 1064 etiam
1132 983 1183 1069 in

73 1088 222 1202 Judael,
247 1109 292 1170 ut
311 1086 448 1170 inaliis
467 1087 675 1195 provinciis
689 1088 890 1191 Romanis,
903 1090 1093 1198 mancipes
1112 1089 1177 1174 sm

82 1198 148 1281 iffe
157 1198 317 1307 Equites
330 1202 551 1280 Romanos}
578 1197 641 1278 sed
664 1199 755 1304 quia
781 1197 839 1277 illi
857 1224 926 1305 per
950 1194 1177 1283 seexercere

82 1308 280 1416 publicum
306 1335 386 1394 non
414 1326 608 1414 poterant,
627 1307 770 1414 Judaeis
789 1307 962 1408 elocasse,
989 1328 1057 1390 aut
1071 1330 1178 1392 certe

80 1444 148 1498 eos
176 1411 358 1498 admifisse
379 1415 420 1495 in
445 1436 591 1522 partem
619 1416 797 1522 quaestlls:
825 1418 929 1525 quod
959 1414 1083 1523 ipsum
1105 1449 1178 1503 nos

79 1526 201 1609 docet
213 1530 380 1607 Gemara
393 1523 649 1607 Thalmudica
668 1529 731 1605 De
744 1524 887 1606 damno
907 1525 1000 1606 dato
1022 1525 1125 1609 libro·
1142 1541 1179 1614 1.'
1252 1624 1254 1629 ,

80 1663 168 1740 cap.
186 1666 244 1714 ιο.
283 1637 438 1733 Quanta
449 1656 577 1714 autem
589 1631 708 1714 fuerit
723 1633 1018 1718 Publicanoru'm
1030 1633 1180 1744 impro-

82 1743 204 1846 bitas,
221 1763 303 1823 tum
327 1742 503 1849 Baptistae
530 1743 577 1823 ad
612 1739 713 1848 ipsos
733 1740 857 1824 sermo
881 1743 1006 1848 docet,
1032 1764 1115 1828 tum
1138 1757 1178 1832 ἃ

77 1848 358 1966 Jurisconsulti,
386 1853 425 1931 in
440 1876 606 1959 quorum
626 1876 787 1933 numero
799 1852 1004 1959 Ulpianus,
1028 1854 1179 1965 Qantae

84 1959 252 2061 audacia,
277 1979 414 2068 quante
428 1960 633 2040 temeritate
645 1959 715 2066 sent
724 1958 985 2042 Publicanorum
990 1961 1179 2066 fossiones,

84 2099 180 2149 nemo
207 2068 254 2175 est
280 2070 342 2178 qui
370 2069 508 2172 nesciat.
546 2069 676 2150 Exstat
694 2069 796 2178 apud
820 2069 978 2152 Livium
1005 2075 1178 2154 narratio
1213 2136 1215 2140 μ

85 2176 134 2269 de
153 2177 386 2261 ,Posthumio
412 2177 618 2284 publicano
645 2176 711 2285 qui
740 2178 870 2260 multis
903 2180 1012 2259 annis
1046 2208 1178 2287 parem

84 2285 221 2368 fraude
234 2286 472 2392 avaritiaque
489 2286 680 2368 neminem
706 2287 903 2369 habuerat.
945 2291 1063 2396 Apud
1090 2286 1179 2374 Plu·⁴

87 2397 262 2477 tarcltum
286 2396 339 2475 est
364 2396 413 2476 de
432 2395 598 2499 Graecis,
635 2402 679 2477 ul
704 2399 840 2477 πλωνῖιν
872 2393 1006 2488 leel&
1032 2402 1179 2500 »imolano

89 2504 244 2614 Velligal
261 2502 438 2585 conducere
454 2501 578 2612 probro
602 2501 743 2586 durann-
791 2513 936 2592 verum
954 2507 1079 2615 Judaei
1098 2514 1180 2592 non

89 2634 238 2694 tantum
253 2612 536 2720 improbitatem
549 2614 705 2722 quaestui
722 2613 1180 2723 plerumqueconnexam‚
1221 2615 1224 2622 ’

89 2720 152 2804 sed
173 2720 295 2829 ipsum
312 2722 427 2803 etiam
446 2723 627 2829 questum
653 2718 969 2804 exsecrabantur:
994 2725 1181 2808 nimirum
1212 2733 1214 2737 ’
1292 2746 1293 2750 ‘

89 2833 196 2939 quod
232 2830 432 2936 indignum
464 2829 662 2912 crederent
691 2830 829 2939 Judaeo
856 2831 1014 2914 homine
1043 2832 1182 2916 instru-

91 2962 263 3022 mentum
278 2939 539 3021 fierlexternae
549 2936 753 3039 servitutis,
778 2967 892 3047 quarn
906 2941 973 3050 ipsa
985 2943 1182 3049 aegerrime

92 3049 321 3150 tolerabant,
334 3048 431 3129 adeo
443 3072 487 3129 ut
500 3046 613 3129 multi
628 3044 706 3155 ipsa
719 3046 835 3128 etiam
851 3048 1044 3135 tributa&
1061 3052 1182 3135 veru-

90 3156 330 3265 galiaspecie
350 3156 504 3264 pietatis
525 3159 747 3260 abnuerent,
773 3153 1012 3265 utJosephus
1032 3159 1182 3244 nosdo·

90 3288 153 3359 cet
171 3278 213 3353 bt
240 3265 443 3374 Evangelii
469 3265 637 3347 historia.
678 3267 750 3348 His
769 3263 818 3346 de
845 3263 958 3348 caufis
984 3269 1183 3352 Publiceni

91 3377 207 3481 plane
230 3375 368 3456 eodem
400 3374 489 3456 loco
510 3375 747 3456 habebantur
776 3402 856 3481 quo
875 3377 992 3465 {ballol
1015 3379 1184 3482 Gentiles,

94 3483 133 3566 id
157 3485 224 3586 est,
250 3485 428 3587 obstemus
453 3481 647 3592 alienigene
678 3487 816 3568 arDeo
836 3483 965 3566 alieni.
1019 3494 1071 3569 Et
1092 3489 1184 3596 quia

92 3597 282 3704 ἁμαρτωλοὶ
310 3593 565 3675 Hebraeorum
590 3590 781 3699 Magistris
802 3588 901 3672 dieti
918 3615 1078 3681 m‘ttbtt
1107 3595 1191 3679 hoc.

92 3703 145 3784 est
160 3693 347 3814 -osffaysvoma,
363 3701 504 3795 ,simulac
517 3702 659 3809 exleges,
674 3699 713 3779 di
741 3701 838 3802 oleati,
851 3700 920 3808 qul
934 3728 1058 3811 neque
1067 3706 1185 3814 Legis

91 3838 218 3920 neque
228 3806 437 3918 disciplinae
448 3808 616 3924 Judaicae
636 3809 754 3889 ullam
770 3809 962 3892 habebant
982 3812 1186 3919 rationem,

94 3939 306 4026 propterea
331 3917 527 4001 Publiceni
554 3918 673 3999 modo
696 3913 910 4026 junguntur
932 3920 1069 4009 ἑθνιιωῖς
1091 3925 1186 4003 Gea-

94 4025 228 4133 tr'lr'brs,
253 4028 372 4111 modo
401 4033 610 4135 ἁμαρτωλοῖς
625 4023 873 4136 peccatoribus,
894 4055 939 4112 ac
954 4031 1186 4117 nominatim

1119 4141 1185 4237 arsat
