2588 4448
233 145 457 282 Decologi
472 165 766 288 precaeptum
767 144 1053 286 secuudum.
1123 184 1188 280 43

85 329 157 381 uon
175 299 264 384 telle
279 301 403 410 facere
424 306 615 415 AEgyptios,
641 306 703 416 qui
713 303 810 412 feris
832 324 896 386 aut
915 303 1098 416 pecudibus
1112 303 1193 415 affl·

86 412 262 492 mularent
277 417 411 501 Deum3
438 423 525 496 ut&
543 413 674 524 Libyas
689 450 701 506 ς
715 412 786 523 sed
795 444 853 496 nec
868 416 1002 495 Grecos
1013 415 1115 519 celle,
1131 415 1193 524 qui

88 547 145 596 eos
148 517 313 622 facerent
328 519 517 604 homiuibus
521 521 662 628 somiles,
689 534 824 632 &quae
847 522 1068 633 sequuntur.
1113 526 1191 606 Ta·

86 626 200 733 citus,
223 628 337 736 Jodei
350 626 720 740 memesoldunumque
738 658 859 713 numen
875 632 1085 743 intelligunt:
1105 649 1192 741 pro·

74 731 189 840 fanos
205 738 269 844 qui
281 737 393 821 Derim
406 741 572 850 imagines
589 738 791 837 mortalibus
808 741 967 823 materiis
986 743 1026 823 in
1043 739 1191 852 speciem

83 841 260 927 tonimn
272 845 437 958 effiugum.
456 850 577 933 Dion.
591 851 658 932 lib.
679 867 737 946 36.
765 845 820 931 et
832 852 977 959 immun
990 847 1064 932 illo
1080 860 1115 930 'co
1129 848 1188 930 44-

85 959 149 1038 mie
171 990 243 1036 mm
259 957 464 1064 144444λῦ444
478 955 565 1069 ἔχον·
592 951 740 1068 σ’ἷῤῥηπνό
756 956 889 1074 {arodi
904 957 996 1040 airir
1010 956 1187 1068 vualdum

84 1059 173 1162 olom.
190 1063 338 1146 Nudam
347 1063 484 1176 effigiem
495 1069 535 1146 in
548 1067 796 1176 Hierosolymis
807 1065 963 1172 halone,
974 1065 1067 1176 quod
1074 1072 1188 1150 Deum

88 1168 265 1270 crederent
287 1192 326 1253 ut
348 1174 553 1284 ineffabilem
572 1175 627 1256 ita
650 1173 870 1286 inaspicuum‚
892 1188 961 1260 &e
1016 1175 1190 1260 Eandem

90 1277 239 1375 causmn
252 1309 321 1364 cur
330 1285 461 1366 Numa
470 1283 665 1367 fimulacra
675 1285 725 1370 de
737 1287 889 1394 templis
900 1284 1091 1367 sustulerit
1104 1283 1191 1368 red-

88 1388 190 1483 dunt
206 1391 579 1491 Halicarnassensrs&
595 1394 834 1497 Plutarchus,
859 1394 965 1503 cujus
976 1393 1132 1503 quidem
1146 1394 1190 1480 et

86 1493 136 1580 de
155 1524 201 1581 re
222 1499 305 1583 haec
330 1502 447 1585 verba
468 1501 569 1608 sunt,
595 1505 640 1587 ὡς
660 1503 716 1583 ἔτι
734 1501 805 1583 'lons
826 1501 1021 1608 4444ιῶ44
1043 1500 1083 1580 nl
1106 1503 1190 1597 βελ-

86 1607 174 1689 m‘mco
194 1613 257 1692 mie
273 1611 412 1717 usipetes,
439 1611 494 1692 ἔτι
507 1611 689 1718 &virilium
702 1612 767 1692 Θεὲ
781 1608 921 1693 duourio
938 1610 1046 1694 lituae
1063 1600 1080 1702 i
1094 1609 1185 1703 toiri

87 1714 184 1825 quod
200 1746 267 1797 non
276 1718 439 1824 sanilam
451 1724 552 1801 ratus
564 1716 913 1830 afflmularemeliora
923 1717 1111 1831 pejoribuc,
1131 1749 1191 1798 ne·

89 1854 155 1934 que
171 1825 224 1906 ad
244 1831 354 1909 Deum
376 1827 493 1909 accedi
511 1829 618 1910 aliter
625 1886 628 1892 ,
629 1829 716 1939 posse
730 1856 834 1939 quom
848 1829 1009 1937 cogitato.
1065 1837 1191 1926 Varro

86 1931 273 2042 scriptum
288 1937 503 2045 reliquerat
520 1942 718 2021 Romanos
732 1933 930 2046 plusquam
942 1963 1062 2018 annos
1075 1962 1189 2021 chx.

87 2042 184 2127 deos
205 2043 285 2126 fine
299 2044 499 2136 fimulacro
518 2046 686 2148 coluisse,
714 2044 868 2150 addens,
891 2046 997 2154 quod
1018 2042 1190 2127 fiadhuc

86 2148 297 2257 manfiffet‚
324 2155 457 2241 castius
484 2154 539 2235 dii
567 2153 883 2255 observarentur,
909 2155 1043 2236 testem
1071 2153 1195 2238 etiom'

89 2258 291 2368 proferens
311 2261 510 2348 stotensiae
528 2261 608 2345 suae'
621 2282 776 2372 gentem
791 2261 976 2373 Judaeun,
1003 2282 1120 2372 atque
1135 2263 1190 2346 ita
1259 2287 1263 2295 ·

89 2394 180 2451 eum
196 2371 327 2454 locum
348 2371 592 2475 concludens,
612 2393 655 2454 ut
670 2372 826 2476 diceret,
851 2370 920 2479 qui
933 2371 1056 2478 prima
1078 2370 1190 2456 sunu·

85 2478 190 2564 lucra
204 2479 366 2564 deorum
386 2482 542 2592 populis
556 2478 778 2587 posuerunt,
805 2507 871 2562 eos
882 2479 1103 2564 civitatibus
1115 2479 1190 2564 suis

85 2600 122 2674 ἃ
139 2608 290 2671 merum
305 2590 472 2674 demfiffe
486 2602 521 2677 δι
535 2616 704 2670 errorem
721 2587 916 2671 addidiffe.
944 2586 1069 2672 Usum
1086 2590 1189 2671 hunc

83 2723 204 2807 quem
227 2697 480 2785 indicavimus
497 2701 678 2807 precepti
690 2697 802 2808 hujus
818 2727 899 2779 non
923 2697 1189 2806 imprudenter

86 2807 363 2891 animadvertit
380 2806 614 2918 Augustinus
640 2812 704 2890 De
729 2806 900 2890 moribus
916 2804 1057 2891 Eccles.
1071 2805 1188 2888 Cath.

88 2911 177 2996 Tali
197 2920 305 2998 etiam
320 2945 434 2998 amore
441 2919 639 3028 pleramque
656 2913 834 3026 decipitur,
861 2935 899 2996 ut
916 2936 979 2995 aut
995 2912 1191 3024 nihilpntet

78 3024 153 3127 ’4βὶ
168 3023 237 3131 coifi
247 3043 378 3136 corpus,
405 3046 467 3106 aut
478 3023 823 3133 etiamfiaullmitate
836 3044 1017 3106 commotus
1024 3021 1190 3126 fhteatur

87 3130 232 3241 aliquid
245 3135 309 3239 effe
323 3135 563 3245 incorporeum,
589 3132 633 3214 de
653 3132 708 3213 ilo
726 3152 842 3214 tamen
856 3135 999 3320 nistdper
1022 3133 1190 3241 imagines

83 3259 264 3352 corporeae
281 3243 433 3354 cogitare
445 3273 512 3324 non
525 3241 640 3352 suffit,
666 3249 702 3321 &
715 3245 785 3324 tale
807 3242 935 3350 aliqui
966 3241 1028 3346 effe
1042 3239 1191 3344 credere,

84 3352 191 3460 quale
198 3349 323 3457 fhlasc
341 3353 490 3463 emporis
502 3353 622 3458 sensus
636 3350 775 3460 infligit.
819 3349 884 3432 Ad
901 3349 960 3430 loc
974 3349 1083 3430 etiam
1097 3351 1191 3430 valet

85 3457 183 3568 quod
193 3462 301 3570 prati
329 3463 393 3542 ’tur
407 3460 596 3542 cauendum
615 3460 678 3564 effe
699 3461 934 3568 ufimulocris.
975 3467 1123 3568 Suppar
1137 3459 1191 3539 est
1239 3525 1241 3529 .

89 3567 189 3650 illud
202 3569 292 3679 ejus
309 3597 370 3650 em
388 3570 507 3677 Epist.
523 3598 585 3670 49·
623 3573 673 3649 Et
688 3569 790 3649 Idola
812 3566 948 3677 quidem
961 3568 1076 3649 omnia
1088 3569 1191 3673 senfic

87 3703 205 3758 carere
222 3679 303 3788 quis
327 3676 483 3759 dubitet?
510 3684 742 3761 Veruntamen
758 3705 832 3757 cum
855 3675 911 3757 lois
926 3679 1079 3760 locantur
1101 3675 1192 3780 fedi·

85 3781 153 3864 444
172 3805 209 3864 ut
241 3793 270 3885 lo
280 3785 503 3897 precamibus
532 3807 637 3897 atque
667 3783 921 3867 immolantibus
951 3784 1192 3888 attendantur,

84 3892 165 4004 t'pstl
176 3893 404 4020 fimilituoline
417 3899 651 3977 animatorum
672 3891 894 3977 membrorum
915 3895 1192 4018 atquesensunm

85 4032 252 4118 quamuis
287 4007 458 4117 insensata
489 4025 595 4117 atque
622 4004 812 4200 exaiima'
852 4002 1004 4112 officiunt
1037 4001 1192 4119 infirmos

673 4188 675 4192 ,
749 4145 772 4196 2
1052 4135 1215 4213 anemos,
