2588 4448
264 145 537 249 Sermonem
548 136 757 244 Domini.
783 137 939 245 Matt.
956 177 998 266 5.
1084 171 1179 279 179

77 297 185 380 dicio
195 296 302 406 polio
315 296 511 402 diffidunt,
537 324 617 406 quo
636 293 734 378 illud
751 295 984 399 Hieronymi
1000 295 1182 403 pertinet,

80 404 293 517 Ubicunque
314 404 361 516 est
374 405 571 514 firrnicatio
588 412 622 486 ὅ
632 403 878 511 fhrnicatiomi
895 402 1053 517 suspicio,
1077 405 1182 488 libere

81 544 169 595 uxor
184 513 394 597 dimittitur.
448 514 568 623 Qod
590 536 716 598 tamen
740 516 890 598 nonita
915 515 1196 623 accipiendum

81 627 136 706 est
155 645 199 706 ut
222 624 350 746 quivis
372 647 498 708 motus
521 622 641 707 animi
663 622 859 732 suspicacis
881 624 929 706 ad
946 624 1010 735 pie
1033 622 1181 708 santle-

79 760 155 842 que
175 730 393 817 faciendum
412 734 628 818 divortium
644 733 772 818 valete
796 734 933 818 debeat
952 772 964 825 ;
990 731 1054 817 sed
1069 763 1118 816 ne
1132 736 1196 818 ad·

77 843 210 953 legum
223 842 474 926 subtilitatem
489 869 547 926 res
560 843 748 951 exigatur.
788 849 835 924 ln
853 843 924 926 isto
937 864 1064 927 autem
1077 873 1182 954 quae-

77 951 248 1034 tionum
269 978 410 1062 genere
424 951 526 1035 nihil
539 954 632 1035 certi
647 950 799 1034 deliniri
812 952 958 1063 potest:
988 951 1052 1036 sed
1064 981 1181 1036 omne

76 1060 157 1142 hoc
181 1088 231 1142 ex
246 1087 359 1172 aequo
380 1063 564 1172 bonoque
587 1063 848 1145 estimandum
866 1064 932 1165 est,
959 1061 1090 1148 medio
1116 1065 1181 1146 iti·

81 1196 175 1252 nere
195 1171 298 1252 inter
312 1172 464 1253 anxiam
487 1170 751 1254 credulitatem
768 1171 969 1258 &crassam
994 1169 1179 1280 supinita·

84 1299 174 1362 tem.
229 1280 470 1364 Theodofius
492 1282 625 1390 junior
641 1288 856 1388 Imperator
871 1280 1120 1386 Christianus,
1143 1294 1181 1370 δε

81 1389 182 1497 pius,
207 1400 245 1475 δι
265 1388 545 1499 Episcoporum
568 1391 798 1501 quotidiano
825 1386 911 1471 usus
938 1389 1113 1493 consilio,
1139 1393 1183 1476 iu

107 1497 293 1581 uaestione
315 1498 490 1604 divortii,
515 1500 766 1609 impudicitiae
788 1500 1025 1584 con‘edluras
1053 1498 1102 1580 ad
1124 1497 1182 1581 sui

78 1527 200 1690 ieculi
223 1635 349 1692 mores
364 1628 588 1717 temperans,
616 1608 783 1692 sufficere
800 1528 1029 1719 judicavitsr
1044 1607 1184 1691 mulier

84 1716 174 1801 viro
197 1716 403 1826 ignorante
432 1720 507 1804 vel·
523 1718 682 1802 nolente
708 1738 980 1800 extraneorum
1008 1718 1183 1802 virorum

84 1825 267 1912 convivia
288 1848 512 1937 appeteret;
540 1827 565 1911 fi
583 1828 668 1936 ipso
686 1828 827 1932 invito,
844 1827 1028 1938 srnejusti
1041 1839 1077 1916 ὅ(
1089 1856 1184 1939 pro·

82 1934 205 2018 babili
217 1943 339 2038 causa,
366 1937 460 2021 foris
477 1940 725 2045 pernodiaret
739 1935 810 2020 nisr
827 1937 929 2046 apud
945 1936 1031 2020 suos
1048 1964 1189 2043 paren·

80 2066 165 2136 teas
194 2046 258 2129 vel
271 2045 299 2127 fi
311 2046 550 2129 Circensibus
566 2045 886 2132 Theatralibusve
904 2046 1003 2127 ludis
1023 2065 1089 2125 aut
1102 2073 1184 2127 are-

84 2180 220 2237 narum
243 2155 466 2264 spediaculis
485 2155 570 2264 ipso
584 2157 816 2264 prohibente
830 2153 1024 2264 gauderet.
1080 2153 1184 2265 Qi-

84 2263 154 2345 bus
178 2264 263 2346 istas
288 2265 440 2348 addidit
465 2266 709 2376 Justinianus,
737 2264 763 2347 sr
797 2264 972 2346 uuordo
1000 2262 1186 2348 industria

84 2371 266 2455 abortum
297 2374 452 2463 seceritc
481 2374 506 2457 fi
530 2402 734 2458 commune
758 2375 951 2459 lavacrum
975 2400 1070 2456 cumx
1092 2376 1186 2460 viris

81 2481 288 2572 habueritr
308 2483 333 2567 sr
351 2484 509 2567 druu'est
531 2486 571 2565 in
586 2483 837 2566 matrimonio
847 2511 935 2565 cum
948 2484 1027 2566 alio
1040 2486 1127 2568 viro
1137 2485 1186 2569 de

81 2592 337 2689 matrimonio
353 2592 487 2703 egerit.
630 2653 633 2659 -

138 2703 274 2784 Restat
293 2701 455 2786 difficilis
469 2701 640 2810 questio,
669 2702 854 2812 Aequod
875 2702 938 2784 hic
964 2701 1105 2784 dicitur
1123 2731 1186 2782 ex·

82 2828 146 2889 tro
174 2808 339 2892 adulterii
364 2815 500 2918 causeum
530 2834 608 2893 tam
630 2811 754 2918 rigide
777 2811 822 2894 srt
849 2811 1109 2918 accipiendum
1140 2830 1185 2893 ut

83 2919 193 3025 nulla
217 2921 291 3001 alia
306 2920 415 3004 causa
426 2922 594 3002 animum
620 2917 731 3027 poffit
747 2921 996 3028 tranquillum
1013 2917 1185 3001 reddere

83 3027 170 3135 Qui
190 3027 230 3110 in
252 3028 323 3113 hac
343 3029 422 3113 soli
441 3031 550 3113 causi
570 3029 779 3112 consistunt
791 3051 930 3137 urgent
952 3031 1068 3110 verba
1087 3026 1185 3111 charit

85 3155 201 3241 extra,
228 3135 253 3217 εἰ
278 3137 324 3245 pi
351 3141 423 3247 nist,
450 3153 498 3242 dt,
524 3137 632 3248 quod
655 3138 730 3220 dici
755 3137 863 3239 solet,
891 3165 974 3218 eam
1001 3137 1077 3218 else
1104 3138 1185 3219 vim

82 3247 323 3354 exceptionis
337 3270 382 3329 ut
402 3248 533 3357 posrtae
554 3247 791 3331 definitionis
814 3244 1103 3357 generalitatem
1120 3247 1187 3328 ad-

81 3357 214 3438 struat.
269 3359 342 3444 Sed
363 3378 500 3441 contra
523 3378 637 3440 notat
658 3358 847 3466 Origenes
860 3357 974 3439 verba
994 3358 1074 3436 haec
1091 3357 1200 3463 poni.

84 3465 207 3574 magis
227 3467 469 3549 enuntiando
485 3495 599 3577 quam
612 3468 796 3577 jubendo.
838 3471 978 3573 Neque
994 3493 1121 3548 rarum
1135 3465 1188 3546 est
1214 3464 1217 3471 ’

85 3594 131 3657 ut
164 3575 206 3656 in
238 3577 306 3658 tali
331 3577 506 3666 sermone
532 3578 572 3659 id
604 3576 711 3686 quod
733 3604 781 3657 ex
817 3577 1022 3659 occasune·
1046 3576 1189 3673 dicitur

83 3684 254 3794 exempli
269 3687 388 3796 magis
403 3714 518 3794 quam
540 3685 796 3793 adstringendi
809 3685 887 3768 vim
903 3685 1053 3767 habeat.
1092 3689 1190 3768 Non

83 3794 188 3876 enim
211 3794 253 3878 in
272 3795 449 3878 humanis
467 3817 619 3878 tantum
635 3791 697 3878 sed
725 3808 761 3880 dt
780 3794 835 3876 in
850 3794 929 3877 Dei
949 3794 1096 3904 legibus
1121 3820 1190 3902 pa·

85 3904 161 3985 lam
184 3903 238 3984 est
267 3903 364 4015 saepe
388 3904 485 3990 facti
507 3905 673 4013 aliquam
695 3903 858 4011 speciem
885 3903 943 3986 sre
972 3903 1193 3987 uentiorem·

87 4011 268 4125 exprimi,
293 4039 341 4102 ex
359 4016 439 4126 qul·
458 4015 600 4105 deiude
622 4034 778 4216 ceteraz-
779 4014 912 4125 colligi
988 4015 1118 4207 sumpt,
1146 4032 1190 4200 pp:

110 4188 114 4195 ¹
171 4188 176 4197 ·
807 4153 831 4223 ἒ
1078 4149 1152 4218 Ἥ)
1179 4149 1199 4213 l
