<?xml version="1.0" encoding="UTF-8"?>
<!DOCTYPE html PUBLIC "-//W3C//DTD XHTML 1.0 Transitional//EN"
    "http://www.w3.org/TR/xhtml1/DTD/xhtml1-transitional.dtd">
<html xmlns="http://www.w3.org/1999/xhtml" xml:lang="en" lang="en">
 <head>
  <title>
</title>
<meta http-equiv="Content-Type" content="text/html;charset=utf-8" />
  <meta name='ocr-system' content='tesseract 3.04.00' />
  <meta name='ocr-capabilities' content='ocr_page ocr_carea ocr_par ocr_line ocrx_word'/>
</head>
<body>
  <div class='ocr_page' id='page_1' title='image "./hugonisgrotiiba01grotgoog_0187.png"; bbox 0 0 2588 4448; ppageno 0'>
   <div class='ocr_carea' id='block_1_1' title="bbox 98 121 888 241">
    <p class='ocr_par' dir='ltr' id='par_1_1' title="bbox 98 121 888 241">
     <span class='ocr_line' id='line_1_1' title="bbox 98 121 888 241; baseline -0.003 -10"><span class='ocrx_word' id='word_1_1' title='bbox 98 131 198 231; x_wconf 82' lang='lat'>182</span> <span class='ocrx_word' id='word_1_2' title='bbox 409 121 796 241; x_wconf 79' lang='lat' dir='ltr'>eAdnotationer</span> <span class='ocrx_word' id='word_1_3' title='bbox 815 127 888 229; x_wconf 86' lang='lat' dir='ltr'>ad</span> 
     </span>
    </p>
   </div>
   <div class='ocr_carea' id='block_1_2' title="bbox 91 274 1215 4225">
    <p class='ocr_par' dir='ltr' id='par_1_2' title="bbox 91 274 1215 3776">
     <span class='ocr_line' id='line_1_2' title="bbox 94 274 1191 389; baseline -0.005 -22"><span class='ocrx_word' id='word_1_4' title='bbox 94 280 298 370; x_wconf 86' lang='lat' dir='ltr'>discrimen</span> <span class='ocrx_word' id='word_1_5' title='bbox 318 278 511 363; x_wconf 57' lang='lat' dir='ltr'>&amp;Christo</span> <span class='ocrx_word' id='word_1_6' title='bbox 524 274 659 389; x_wconf 78' lang='lat' dir='ltr'>respici</span> <span class='ocrx_word' id='word_1_7' title='bbox 679 278 921 366; x_wconf 85' lang='lat' dir='ltr'>&amp;notiffimo</span> <span class='ocrx_word' id='word_1_8' title='bbox 936 279 1121 388; x_wconf 83' lang='lat' dir='ltr'>exemplo</span> <span class='ocrx_word' id='word_1_9' title='bbox 1133 278 1191 363; x_wconf 87' lang='lat' dir='ltr'>de·</span> 
     </span>
     <span class='ocr_line' id='line_1_3' title="bbox 91 387 1193 497; baseline -0.005 -22"><span class='ocrx_word' id='word_1_10' title='bbox 91 389 241 475; x_wconf 76' lang='lat' dir='ltr'>eiurari.</span> <span class='ocrx_word' id='word_1_11' title='bbox 269 387 479 475; x_wconf 87' lang='lat' dir='ltr'>Christiani</span> <span class='ocrx_word' id='word_1_12' title='bbox 492 417 589 497; x_wconf 85' lang='lat' dir='ltr'>quos</span> <span class='ocrx_word' id='word_1_13' title='bbox 600 388 683 472; x_wconf 86' lang='lat' dir='ltr'>dixi</span> <span class='ocrx_word' id='word_1_14' title='bbox 699 399 951 496; x_wconf 85' lang='lat' dir='ltr'>imperatores</span> <span class='ocrx_word' id='word_1_15' title='bbox 960 409 1074 473; x_wconf 81' lang='lat' dir='ltr'>extra</span> <span class='ocrx_word' id='word_1_16' title='bbox 1087 388 1193 472; x_wconf 88' lang='lat' dir='ltr'>adul·</span> 
     </span>
     <span class='ocr_line' id='line_1_4' title="bbox 94 495 1196 608; baseline -0.008 -20"><span class='ocrx_word' id='word_1_17' title='bbox 94 503 236 588; x_wconf 84' lang='lat' dir='ltr'>terium</span> <span class='ocrx_word' id='word_1_18' title='bbox 261 499 410 608; x_wconf 89' lang='lat' dir='ltr'>aliquot</span> <span class='ocrx_word' id='word_1_19' title='bbox 430 495 569 581; x_wconf 90' lang='lat' dir='ltr'>scelera</span> <span class='ocrx_word' id='word_1_20' title='bbox 595 517 835 600; x_wconf 86' lang='lat' dir='ltr'>enumerant,</span> <span class='ocrx_word' id='word_1_21' title='bbox 859 498 997 606; x_wconf 90' lang='lat' dir='ltr'>quibus</span> <span class='ocrx_word' id='word_1_22' title='bbox 1021 496 1196 607; x_wconf 81' lang='lat' dir='ltr'>probatis</span> 
     </span>
     <span class='ocr_line' id='line_1_5' title="bbox 94 603 1196 717; baseline -0.001 -25"><span class='ocrx_word' id='word_1_23' title='bbox 94 610 256 692; x_wconf 87' lang='lat' dir='ltr'>maritus</span> <span class='ocrx_word' id='word_1_24' title='bbox 269 603 347 691; x_wconf 87' lang='lat' dir='ltr'>fine</span> <span class='ocrx_word' id='word_1_25' title='bbox 359 608 442 691; x_wconf 93' lang='lat' dir='ltr'>ullo</span> <span class='ocrx_word' id='word_1_26' title='bbox 463 605 607 691; x_wconf 86' lang='lat' dir='ltr'>damno</span> <span class='ocrx_word' id='word_1_27' title='bbox 627 634 789 691; x_wconf 85' lang='lat' dir='ltr'>uxorem</span> <span class='ocrx_word' id='word_1_28' title='bbox 806 608 1002 717; x_wconf 85' lang='lat' dir='ltr'>repudiet:</span> <span class='ocrx_word' id='word_1_29' title='bbox 1032 618 1070 692; x_wconf 71' lang='grc' dir='ltr'>ὃ(</span> <span class='ocrx_word' id='word_1_30' title='bbox 1086 605 1196 717; x_wconf 90' lang='lat' dir='ltr'>quod</span> 
     </span>
     <span class='ocr_line' id='line_1_6' title="bbox 94 713 1197 828; baseline -0.002 -28"><span class='ocrx_word' id='word_1_31' title='bbox 94 716 348 828; x_wconf 86' lang='lat' dir='ltr'>estamplius,</span> <span class='ocrx_word' id='word_1_32' title='bbox 373 713 464 798; x_wconf 86' lang='lat' dir='ltr'>easr</span> <span class='ocrx_word' id='word_1_33' title='bbox 488 718 653 824; x_wconf 87' lang='lat' dir='ltr'>probare</span> <span class='ocrx_word' id='word_1_34' title='bbox 678 740 858 827; x_wconf 83' lang='lat' dir='ltr'>nequeat,</span> <span class='ocrx_word' id='word_1_35' title='bbox 883 745 962 800; x_wconf 92' lang='lat' dir='ltr'>non</span> <span class='ocrx_word' id='word_1_36' title='bbox 975 716 1197 826; x_wconf 83' lang='lat' dir='ltr'>snnpliciter</span> 
     </span>
     <span class='ocr_line' id='line_1_7' title="bbox 95 823 1193 937; baseline -0.003 -28"><span class='ocrx_word' id='word_1_37' title='bbox 95 825 299 935; x_wconf 83' lang='lat' dir='ltr'>repudium</span> <span class='ocrx_word' id='word_1_38' title='bbox 314 844 461 930; x_wconf 91' lang='lat' dir='ltr'>vetant,</span> <span class='ocrx_word' id='word_1_39' title='bbox 487 823 608 911; x_wconf 87' lang='lat' dir='ltr'>sedin</span> <span class='ocrx_word' id='word_1_40' title='bbox 628 826 791 917; x_wconf 86' lang='lat' dir='ltr'>arbitrio</span> <span class='ocrx_word' id='word_1_41' title='bbox 812 826 941 910; x_wconf 89' lang='lat' dir='ltr'>mariti</span> <span class='ocrx_word' id='word_1_42' title='bbox 956 826 1193 937; x_wconf 87' lang='lat' dir='ltr'>relinquunt,</span> 
     </span>
     <span class='ocr_line' id='line_1_8' title="bbox 94 932 1193 1040; baseline -0.005 -20"><span class='ocrx_word' id='word_1_43' title='bbox 94 937 255 1021; x_wconf 86' lang='lat' dir='ltr'>malitne</span> <span class='ocrx_word' id='word_1_44' title='bbox 269 963 430 1019; x_wconf 84' lang='lat' dir='ltr'>uxorem</span> <span class='ocrx_word' id='word_1_45' title='bbox 444 935 622 1040; x_wconf 88' lang='lat' dir='ltr'>retinere,</span> <span class='ocrx_word' id='word_1_46' title='bbox 648 964 698 1018; x_wconf 88' lang='lat' dir='ltr'>an</span> <span class='ocrx_word' id='word_1_47' title='bbox 710 935 842 1019; x_wconf 90' lang='lat' dir='ltr'>dotem</span> <span class='ocrx_word' id='word_1_48' title='bbox 857 932 1066 1025; x_wconf 82' lang='lat' dir='ltr'>reddere&amp;</span> <span class='ocrx_word' id='word_1_49' title='bbox 1083 934 1193 1017; x_wconf 89' lang='lat' dir='ltr'>amit·</span> 
     </span>
     <span class='ocr_line' id='line_1_9' title="bbox 97 1043 1199 1168; baseline 0 -41"><span class='ocrx_word' id='word_1_50' title='bbox 97 1065 181 1127; x_wconf 83' lang='lat' dir='ltr'>tere</span> <span class='ocrx_word' id='word_1_51' title='bbox 195 1046 302 1168; x_wconf 85' lang='lat' dir='ltr'>qnod</span> <span class='ocrx_word' id='word_1_52' title='bbox 317 1065 478 1155; x_wconf 91' lang='lat' dir='ltr'>propter</span> <span class='ocrx_word' id='word_1_53' title='bbox 497 1047 650 1152; x_wconf 87' lang='lat' dir='ltr'>nuptias</span> <span class='ocrx_word' id='word_1_54' title='bbox 660 1045 834 1135; x_wconf 78' lang='lat' dir='ltr'>donauit.</span> <span class='ocrx_word' id='word_1_55' title='bbox 876 1043 1046 1128; x_wconf 86' lang='lat' dir='ltr'>Feminis</span> <span class='ocrx_word' id='word_1_56' title='bbox 1054 1043 1199 1154; x_wconf 80' lang='lat' dir='ltr'>Judaeia</span> 
     </span>
     <span class='ocr_line' id='line_1_10' title="bbox 95 1152 1212 1264; baseline -0.004 -25"><span class='ocrx_word' id='word_1_57' title='bbox 95 1183 179 1241; x_wconf 88' lang='lat' dir='ltr'>non</span> <span class='ocrx_word' id='word_1_58' title='bbox 194 1156 335 1240; x_wconf 78' lang='lat' dir='ltr'>licebat</span> <span class='ocrx_word' id='word_1_59' title='bbox 356 1153 493 1264; x_wconf 87' lang='lat' dir='ltr'>sponte</span> <span class='ocrx_word' id='word_1_60' title='bbox 511 1152 575 1239; x_wconf 73' lang='lat' dir='ltr'>sui</span> <span class='ocrx_word' id='word_1_61' title='bbox 594 1155 770 1238; x_wconf 77' lang='lat' dir='ltr'>amarito</span> <span class='ocrx_word' id='word_1_62' title='bbox 789 1155 1000 1240; x_wconf 88' lang='lat' dir='ltr'>divortere.</span> <span class='ocrx_word' id='word_1_63' title='bbox 1055 1157 1212 1262; x_wconf 31' lang='lat' dir='ltr'>Neque*</span> 
     </span>
     <span class='ocr_line' id='line_1_11' title="bbox 96 1262 1201 1375; baseline 0 -28"><span class='ocrx_word' id='word_1_64' title='bbox 96 1263 272 1350; x_wconf 86' lang='lat' dir='ltr'>Christus</span> <span class='ocrx_word' id='word_1_65' title='bbox 286 1266 490 1375; x_wconf 89' lang='lat' dir='ltr'>quicquam</span> <span class='ocrx_word' id='word_1_66' title='bbox 503 1264 551 1348; x_wconf 92' lang='lat' dir='ltr'>de</span> <span class='ocrx_word' id='word_1_67' title='bbox 566 1264 640 1346; x_wconf 88' lang='lat' dir='ltr'>illis</span> <span class='ocrx_word' id='word_1_68' title='bbox 655 1263 893 1372; x_wconf 84' lang='lat' dir='ltr'>pronuntiat,</span> <span class='ocrx_word' id='word_1_69' title='bbox 920 1262 1142 1372; x_wconf 89' lang='lat' dir='ltr'>nequidem</span> <span class='ocrx_word' id='word_1_70' title='bbox 1159 1263 1201 1347; x_wconf 85' lang='lat' dir='ltr'>in</span> 
     </span>
     <span class='ocr_line' id='line_1_12' title="bbox 96 1370 1197 1482; baseline -0.001 -27"><span class='ocrx_word' id='word_1_71' title='bbox 96 1373 278 1458; x_wconf 91' lang='lat' dir='ltr'>adulterii</span> <span class='ocrx_word' id='word_1_72' title='bbox 304 1371 401 1457; x_wconf 89' lang='lat' dir='ltr'>casu.</span> <span class='ocrx_word' id='word_1_73' title='bbox 457 1381 512 1455; x_wconf 86' lang='lat' dir='ltr'>Ar</span> <span class='ocrx_word' id='word_1_74' title='bbox 535 1373 681 1482; x_wconf 87' lang='lat' dir='ltr'>legibus</span> <span class='ocrx_word' id='word_1_75' title='bbox 709 1372 896 1457; x_wconf 89' lang='lat' dir='ltr'>Romanis</span> <span class='ocrx_word' id='word_1_76' title='bbox 925 1400 993 1479; x_wconf 87' lang='lat' dir='ltr'>par</span> <span class='ocrx_word' id='word_1_77' title='bbox 1017 1391 1104 1457; x_wconf 85' lang='lat' dir='ltr'>erat</span> <span class='ocrx_word' id='word_1_78' title='bbox 1133 1370 1197 1480; x_wconf 86' lang='lat' dir='ltr'>jus</span> 
     </span>
     <span class='ocr_line' id='line_1_13' title="bbox 97 1478 1197 1591; baseline -0.001 -25"><span class='ocrx_word' id='word_1_79' title='bbox 97 1486 285 1571; x_wconf 80' lang='lat' dir='ltr'>mariti&amp;</span> <span class='ocrx_word' id='word_1_80' title='bbox 308 1482 473 1584; x_wconf 80' lang='lat' dir='ltr'>feminae,</span> <span class='ocrx_word' id='word_1_81' title='bbox 499 1511 594 1591; x_wconf 88' lang='lat' dir='ltr'>quos</span> <span class='ocrx_word' id='word_1_82' title='bbox 608 1503 812 1591; x_wconf 88' lang='lat' dir='ltr'>propterea</span> <span class='ocrx_word' id='word_1_83' title='bbox 825 1483 907 1591; x_wconf 89' lang='lat' dir='ltr'>pari</span> <span class='ocrx_word' id='word_1_84' title='bbox 919 1478 1023 1567; x_wconf 85' lang='lat' dir='ltr'>sorte</span> <span class='ocrx_word' id='word_1_85' title='bbox 1033 1505 1197 1587; x_wconf 69' lang='lat' dir='ltr'>,compo-</span> 
     </span>
     <span class='ocr_line' id='line_1_14' title="bbox 99 1589 1195 1705; baseline -0.005 -30"><span class='ocrx_word' id='word_1_86' title='bbox 99 1594 163 1676; x_wconf 90' lang='lat' dir='ltr'>nit</span> <span class='ocrx_word' id='word_1_87' title='bbox 183 1593 320 1676; x_wconf 86' lang='lat' dir='ltr'>Paulus</span> <span class='ocrx_word' id='word_1_88' title='bbox 338 1589 546 1699; x_wconf 86' lang='lat' dir='ltr'>Apostolus</span> <span class='ocrx_word' id='word_1_89' title='bbox 576 1624 592 1672; x_wconf 93' lang='lat'>1</span> <span class='ocrx_word' id='word_1_90' title='bbox 613 1597 704 1677; x_wconf 90' lang='lat' dir='ltr'>Cor.</span> <span class='ocrx_word' id='word_1_91' title='bbox 723 1624 757 1683; x_wconf 90' lang='lat'>7.</span> <span class='ocrx_word' id='word_1_92' title='bbox 777 1623 833 1688; x_wconf 84' lang='lat'>15·</span> <span class='ocrx_word' id='word_1_93' title='bbox 856 1591 1026 1705; x_wconf 85' lang='lat' dir='ltr'>Justinus</span> <span class='ocrx_word' id='word_1_94' title='bbox 1047 1597 1195 1692; x_wconf 79' lang='lat' dir='ltr'>Martyr</span> 
     </span>
     <span class='ocr_line' id='line_1_15' title="bbox 101 1698 1201 1810; baseline -0.005 -23"><span class='ocrx_word' id='word_1_95' title='bbox 101 1701 336 1810; x_wconf 78' lang='lat' dir='ltr'>Apostolicis</span> <span class='ocrx_word' id='word_1_96' title='bbox 352 1700 590 1807; x_wconf 88' lang='lat' dir='ltr'>temporibus</span> <span class='ocrx_word' id='word_1_97' title='bbox 611 1701 805 1808; x_wconf 85' lang='lat' dir='ltr'>proximus</span> <span class='ocrx_word' id='word_1_98' title='bbox 819 1701 859 1782; x_wconf 90' lang='lat' dir='ltr'>in</span> <span class='ocrx_word' id='word_1_99' title='bbox 870 1698 1127 1789; x_wconf 83' lang='lat' dir='ltr'>Oratione-ad</span> <span class='ocrx_word' id='word_1_100' title='bbox 1138 1705 1201 1782; x_wconf 77' lang='lat' dir='ltr'>Se</span> 
     </span>
     <span class='ocr_line' id='line_1_16' title="bbox 99 1809 1203 1918; baseline -0.004 -26"><span class='ocrx_word' id='word_1_101' title='bbox 99 1829 237 1892; x_wconf 87' lang='lat' dir='ltr'>natum</span> <span class='ocrx_word' id='word_1_102' title='bbox 258 1813 478 1895; x_wconf 86' lang='lat' dir='ltr'>Romanurn</span> <span class='ocrx_word' id='word_1_103' title='bbox 501 1810 633 1905; x_wconf 83' lang='lat' dir='ltr'>laudat</span> <span class='ocrx_word' id='word_1_104' title='bbox 646 1809 830 1892; x_wconf 86' lang='lat' dir='ltr'>feminam</span> <span class='ocrx_word' id='word_1_105' title='bbox 847 1809 1105 1895; x_wconf 87' lang='lat' dir='ltr'>Christianam</span> <span class='ocrx_word' id='word_1_106' title='bbox 1115 1835 1203 1918; x_wconf 83' lang='lat' dir='ltr'>quae</span> 
     </span>
     <span class='ocr_line' id='line_1_17' title="bbox 104 1915 1200 2028; baseline -0.002 -30"><span class='ocrx_word' id='word_1_107' title='bbox 104 1916 173 2000; x_wconf 87' lang='lat' dir='ltr'>usa</span> <span class='ocrx_word' id='word_1_108' title='bbox 196 1925 384 2004; x_wconf 88' lang='lat' dir='ltr'>Romano</span> <span class='ocrx_word' id='word_1_109' title='bbox 403 1919 497 2028; x_wconf 87' lang='lat' dir='ltr'>legis</span> <span class='ocrx_word' id='word_1_110' title='bbox 511 1919 698 2002; x_wconf 90' lang='lat' dir='ltr'>beneficio</span> <span class='ocrx_word' id='word_1_111' title='bbox 713 1920 856 2001; x_wconf 82' lang='lat' dir='ltr'>marito</span> <span class='ocrx_word' id='word_1_112' title='bbox 873 1921 976 2002; x_wconf 88' lang='lat' dir='ltr'>ultra</span> <span class='ocrx_word' id='word_1_113' title='bbox 992 1915 1051 2001; x_wconf 83' lang='lat' dir='ltr'>fas</span> <span class='ocrx_word' id='word_1_114' title='bbox 1069 1917 1200 1999; x_wconf 91' lang='lat' dir='ltr'>libidi-</span> 
     </span>
     <span class='ocr_line' id='line_1_18' title="bbox 101 2023 1198 2138; baseline -0.005 -28"><span class='ocrx_word' id='word_1_115' title='bbox 101 2028 213 2111; x_wconf 84' lang='lat' dir='ltr'>nanti</span> <span class='ocrx_word' id='word_1_116' title='bbox 236 2029 438 2138; x_wconf 89' lang='lat' dir='ltr'>repudium</span> <span class='ocrx_word' id='word_1_117' title='bbox 455 2028 555 2110; x_wconf 87' lang='lat' dir='ltr'>nrifit</span> <span class='ocrx_word' id='word_1_118' title='bbox 578 2041 613 2113; x_wconf 75' lang='grc' dir='ltr'>ἃ</span> <span class='ocrx_word' id='word_1_119' title='bbox 628 2031 739 2121; x_wconf 87' lang='lat' dir='ltr'>abeo</span> <span class='ocrx_word' id='word_1_120' title='bbox 762 2028 940 2130; x_wconf 81' lang='lat' dir='ltr'>divortit,</span> <span class='ocrx_word' id='word_1_121' title='bbox 964 2023 1117 2134; x_wconf 63' lang='lat' dir='ltr'>intrepi,</span> <span class='ocrx_word' id='word_1_122' title='bbox 1137 2064 1198 2115; x_wconf 64' lang='lat' dir='ltr'>mr·</span> 
     </span>
     <span class='ocr_line' id='line_1_19' title="bbox 102 2130 1202 2252; baseline -0.005 -34"><span class='ocrx_word' id='word_1_123' title='bbox 102 2136 194 2221; x_wconf 75' lang='lat' dir='ltr'>ravit</span> <span class='ocrx_word' id='word_1_124' title='bbox 218 2146 243 2221; x_wconf 68' lang='lat' dir='ltr'>i</span> <span class='ocrx_word' id='word_1_125' title='bbox 260 2137 468 2246; x_wconf 76' lang='lat' dir='ltr'>dilanpeiem</span> <span class='ocrx_word' id='word_1_126' title='bbox 483 2140 510 2252; x_wconf 57' lang='lat' dir='ltr'>a}</span> <span class='ocrx_word' id='word_1_127' title='bbox 528 2135 737 2244; x_wconf 64' lang='lat' dir='ltr'>oimssupoirm</span> <span class='ocrx_word' id='word_1_128' title='bbox 752 2137 874 2243; x_wconf 62' lang='lat' dir='ltr'>plinius,</span> <span class='ocrx_word' id='word_1_129' title='bbox 902 2130 1026 2230; x_wconf 59' lang='lat' dir='ltr'>putem</span> <span class='ocrx_word' id='word_1_130' title='bbox 1043 2146 1079 2217; x_wconf 80' lang='lat' dir='ltr'>&#39;or</span> <span class='ocrx_word' id='word_1_131' title='bbox 1093 2139 1136 2246; x_wconf 68' lang='grc' dir='ltr'>τῇ</span> <span class='ocrx_word' id='word_1_132' title='bbox 1150 2173 1202 2213; x_wconf 82' lang='lat' dir='ltr'>nv·</span> 
     </span>
     <span class='ocr_line' id='line_1_20' title="bbox 102 2242 1205 2361; baseline 0.001 -39"><span class='ocrx_word' id='word_1_133' title='bbox 102 2244 218 2353; x_wconf 63' lang='lat' dir='ltr'>(apia,</span> <span class='ocrx_word' id='word_1_134' title='bbox 248 2242 470 2354; x_wconf 64' lang='lat' dir='ltr'>dimiliatae</span> <span class='ocrx_word' id='word_1_135' title='bbox 497 2249 524 2361; x_wconf 55' lang='grc' dir='ltr'><strong><em>ᾖ</em></strong></span> <span class='ocrx_word' id='word_1_136' title='bbox 547 2250 700 2354; x_wconf 64' lang='grc' dir='ltr'>ὁμόχρως</span> <span class='ocrx_word' id='word_1_137' title='bbox 724 2246 877 2349; x_wconf 44' lang='lat' dir='ltr'>areopolim,</span> <span class='ocrx_word' id='word_1_138' title='bbox 906 2276 947 2323; x_wconf 83' lang='lat' dir='ltr'>me</span> <span class='ocrx_word' id='word_1_139' title='bbox 964 2243 1205 2356; x_wconf 76' lang='lat' dir='ltr'>participaret</span> 
     </span>
     <span class='ocr_line' id='line_1_21' title="bbox 100 2351 1204 2467; baseline 0.001 -36"><span class='ocrx_word' id='word_1_140' title='bbox 100 2351 199 2465; x_wconf 73' lang='lat' dir='ltr'>ipſsus</span> <span class='ocrx_word' id='word_1_141' title='bbox 212 2352 360 2463; x_wconf 78' lang='lat' dir='ltr'>flagitia</span> <span class='ocrx_word' id='word_1_142' title='bbox 374 2364 407 2435; x_wconf 60' lang='grc' dir='ltr'><strong>ὅ</strong></span> <span class='ocrx_word' id='word_1_143' title='bbox 420 2355 643 2465; x_wconf 81' lang='lat' dir='ltr'>impietatem,</span> <span class='ocrx_word' id='word_1_144' title='bbox 659 2358 699 2462; x_wconf 80' lang='lat' dir='ltr'><em>st</em></span> <span class='ocrx_word' id='word_1_145' title='bbox 726 2355 765 2434; x_wconf 85' lang='lat' dir='ltr'>in</span> <span class='ocrx_word' id='word_1_146' title='bbox 791 2352 939 2467; x_wconf 78' lang='lat' dir='ltr'>conjugio</span> <span class='ocrx_word' id='word_1_147' title='bbox 953 2353 1204 2434; x_wconf 84' lang='lat' dir='ltr'>maneretvita</span> 
     </span>
     <span class='ocr_line' id='line_1_22' title="bbox 99 2461 1199 2572; baseline 0.002 -33"><span class='ocrx_word' id='word_1_148' title='bbox 99 2464 135 2551; x_wconf 82' lang='lat' dir='ltr'>ei</span> <span class='ocrx_word' id='word_1_149' title='bbox 158 2469 193 2547; x_wconf 60' lang='grc' dir='ltr'>ὅ</span> <span class='ocrx_word' id='word_1_150' title='bbox 219 2461 334 2547; x_wconf 76' lang='lat' dir='ltr'>cubili</span> <span class='ocrx_word' id='word_1_151' title='bbox 357 2471 499 2572; x_wconf 57' lang='lat' dir='ltr'>corpore.</span> <span class='ocrx_word' id='word_1_152' title='bbox 553 2466 626 2548; x_wconf 89' lang='lat' dir='ltr'>Sed</span> <span class='ocrx_word' id='word_1_153' title='bbox 655 2463 821 2572; x_wconf 82' lang='lat' dir='ltr'>additur,</span> <span class='ocrx_word' id='word_1_154' title='bbox 849 2463 974 2548; x_wconf 83' lang='lat' dir='ltr'>feciffe</span> <span class='ocrx_word' id='word_1_155' title='bbox 994 2462 1070 2547; x_wconf 89' lang='lat' dir='ltr'>hoc</span> <span class='ocrx_word' id='word_1_156' title='bbox 1093 2461 1199 2544; x_wconf 90' lang='lat' dir='ltr'>illam</span> 
     </span>
     <span class='ocr_line' id='line_1_23' title="bbox 102 2567 1199 2682; baseline -0.005 -28"><span class='ocrx_word' id='word_1_157' title='bbox 102 2574 304 2680; x_wconf 88' lang='lat' dir='ltr'>postquam</span> <span class='ocrx_word' id='word_1_158' title='bbox 336 2573 404 2655; x_wconf 92' lang='lat' dir='ltr'>diu</span> <span class='ocrx_word' id='word_1_159' title='bbox 438 2577 634 2661; x_wconf 75' lang='lat' dir='ltr'>irionendo</span> <span class='ocrx_word' id='word_1_160' title='bbox 666 2573 933 2682; x_wconf 85' lang='lat' dir='ltr'>precandoque</span> <span class='ocrx_word' id='word_1_161' title='bbox 963 2572 1069 2656; x_wconf 86' lang='lat' dir='ltr'>nihil</span> <span class='ocrx_word' id='word_1_162' title='bbox 1096 2567 1199 2679; x_wconf 91' lang='lat' dir='ltr'>apud</span> 
     </span>
     <span class='ocr_line' id='line_1_24' title="bbox 104 2680 1203 2791; baseline -0.003 -27"><span class='ocrx_word' id='word_1_163' title='bbox 104 2707 193 2772; x_wconf 87' lang='lat' dir='ltr'>eum</span> <span class='ocrx_word' id='word_1_164' title='bbox 208 2682 436 2791; x_wconf 83' lang='lat' dir='ltr'>profecerat.</span> <span class='ocrx_word' id='word_1_165' title='bbox 481 2684 566 2771; x_wconf 87' lang='lat' dir='ltr'>Viri</span> <span class='ocrx_word' id='word_1_166' title='bbox 582 2706 709 2769; x_wconf 88' lang='lat' dir='ltr'>autem</span> <span class='ocrx_word' id='word_1_167' title='bbox 726 2680 927 2766; x_wconf 85' lang='lat' dir='ltr'>scortantis</span> <span class='ocrx_word' id='word_1_168' title='bbox 939 2705 1102 2765; x_wconf 87' lang='lat' dir='ltr'>uxorem</span> <span class='ocrx_word' id='word_1_169' title='bbox 1117 2706 1203 2770; x_wconf 88' lang='lat' dir='ltr'>eam</span> 
     </span>
     <span class='ocr_line' id='line_1_25' title="bbox 104 2789 1207 2898; baseline -0.002 -26"><span class='ocrx_word' id='word_1_170' title='bbox 104 2792 161 2882; x_wconf 90' lang='lat' dir='ltr'>ob</span> <span class='ocrx_word' id='word_1_171' title='bbox 173 2791 321 2877; x_wconf 66' lang='lat' dir='ltr'>causeam</span> <span class='ocrx_word' id='word_1_172' title='bbox 336 2791 526 2881; x_wconf 84' lang='lat' dir='ltr'>discedere</span> <span class='ocrx_word' id='word_1_173' title='bbox 541 2807 563 2875; x_wconf 82' lang='lat' dir='ltr'>a</span> <span class='ocrx_word' id='word_1_174' title='bbox 580 2792 831 2875; x_wconf 87' lang='lat' dir='ltr'>matrimonio</span> <span class='ocrx_word' id='word_1_175' title='bbox 846 2819 926 2873; x_wconf 91' lang='lat' dir='ltr'>non</span> <span class='ocrx_word' id='word_1_176' title='bbox 945 2789 1125 2898; x_wconf 74' lang='lat' dir='ltr'>potuille,</span> <span class='ocrx_word' id='word_1_177' title='bbox 1134 2791 1207 2870; x_wconf 83' lang='lat' dir='ltr'>ob</span> 
     </span>
     <span class='ocr_line' id='line_1_26' title="bbox 102 2897 1215 3010; baseline -0.004 -27"><span class='ocrx_word' id='word_1_178' title='bbox 102 2897 293 3010; x_wconf 76' lang='lat' dir='ltr'>serratum</span> <span class='ocrx_word' id='word_1_179' title='bbox 322 2922 509 3010; x_wconf 90' lang='lat' dir='ltr'>perpetuo</span> <span class='ocrx_word' id='word_1_180' title='bbox 528 2902 626 2985; x_wconf 89' lang='lat' dir='ltr'>inter</span> <span class='ocrx_word' id='word_1_181' title='bbox 653 2899 888 2986; x_wconf 85' lang='lat' dir='ltr'>Christianos</span> <span class='ocrx_word' id='word_1_182' title='bbox 910 2919 1050 2993; x_wconf 82' lang='lat' dir='ltr'>notant</span> <span class='ocrx_word' id='word_1_183' title='bbox 1076 2899 1215 2981; x_wconf 86' lang='lat' dir='ltr'>Graeci·</span> 
     </span>
     <span class='ocr_line' id='line_1_27' title="bbox 101 3005 1206 3120; baseline -0.001 -28"><span class='ocrx_word' id='word_1_184' title='bbox 101 3010 153 3118; x_wconf 87' lang='lat' dir='ltr'>ad</span> <span class='ocrx_word' id='word_1_185' title='bbox 176 3017 377 3096; x_wconf 86' lang='lat' dir='ltr'>Canonem</span> <span class='ocrx_word' id='word_1_186' title='bbox 393 3013 659 3120; x_wconf 87' lang='lat' dir='ltr'>Apostolicum</span> <span class='ocrx_word' id='word_1_187' title='bbox 683 3027 744 3113; x_wconf 84' lang='lat'>48.</span> <span class='ocrx_word' id='word_1_188' title='bbox 770 3023 805 3095; x_wconf 72' lang='lat' dir='ltr'>b&lt;</span> <span class='ocrx_word' id='word_1_189' title='bbox 829 3008 983 3094; x_wconf 80' lang='lat' dir='ltr'>Basilius</span> <span class='ocrx_word' id='word_1_190' title='bbox 1000 3005 1206 3115; x_wconf 76' lang='lat' dir='ltr'>Responsa</span> 
     </span>
     <span class='ocr_line' id='line_1_28' title="bbox 104 3115 1208 3232; baseline -0.007 -27"><span class='ocrx_word' id='word_1_191' title='bbox 104 3154 140 3222; x_wconf 84' lang='lat'>9·</span> <span class='ocrx_word' id='word_1_192' title='bbox 158 3120 343 3232; x_wconf 86' lang='lat' dir='ltr'>Idemque</span> <span class='ocrx_word' id='word_1_193' title='bbox 357 3125 398 3204; x_wconf 89' lang='lat' dir='ltr'>in</span> <span class='ocrx_word' id='word_1_194' title='bbox 412 3121 625 3206; x_wconf 88' lang='lat' dir='ltr'>Occidente</span> <span class='ocrx_word' id='word_1_195' title='bbox 639 3118 883 3202; x_wconf 82' lang='lat' dir='ltr'>observatum</span> <span class='ocrx_word' id='word_1_196' title='bbox 894 3138 1111 3226; x_wconf 79' lang='lat' dir='ltr'>apparetex</span> <span class='ocrx_word' id='word_1_197' title='bbox 1124 3115 1208 3210; x_wconf 84' lang='lat' dir='ltr'>Eli·</span> 
     </span>
     <span class='ocr_line' id='line_1_29' title="bbox 103 3227 1202 3336; baseline -0.009 -20"><span class='ocrx_word' id='word_1_198' title='bbox 103 3229 241 3316; x_wconf 79' lang='lat' dir='ltr'>berino</span> <span class='ocrx_word' id='word_1_199' title='bbox 254 3258 401 3315; x_wconf 87' lang='lat' dir='ltr'>canone</span> <span class='ocrx_word' id='word_1_200' title='bbox 418 3268 452 3333; x_wconf 81' lang='lat'>9.</span> <span class='ocrx_word' id='word_1_201' title='bbox 480 3233 624 3311; x_wconf 84' lang='lat' dir='ltr'>Femina</span> <span class='ocrx_word' id='word_1_202' title='bbox 632 3228 761 3332; x_wconf 73' lang='lat' dir='ltr'>fideli,</span> <span class='ocrx_word' id='word_1_203' title='bbox 786 3257 859 3336; x_wconf 81' lang='lat' dir='ltr'>qua</span> <span class='ocrx_word' id='word_1_204' title='bbox 881 3227 1075 3308; x_wconf 82' lang='lat' dir='ltr'>adulterum</span> <span class='ocrx_word' id='word_1_205' title='bbox 1092 3227 1202 3307; x_wconf 90' lang='lat' dir='ltr'>mari·</span> 
     </span>
     <span class='ocr_line' id='line_1_30' title="bbox 102 3334 1205 3448; baseline -0.005 -32"><span class='ocrx_word' id='word_1_206' title='bbox 102 3358 177 3419; x_wconf 87' lang='lat' dir='ltr'>tum</span> <span class='ocrx_word' id='word_1_207' title='bbox 201 3340 381 3448; x_wconf 82' lang='lat' dir='ltr'>reliquerit</span> <span class='ocrx_word' id='word_1_208' title='bbox 395 3339 547 3441; x_wconf 83' lang='lat' dir='ltr'>fidelem,</span> <span class='ocrx_word' id='word_1_209' title='bbox 573 3341 774 3423; x_wconf 81' lang='lat' dir='ltr'>&amp;alterum</span> <span class='ocrx_word' id='word_1_210' title='bbox 795 3336 903 3442; x_wconf 79' lang='lat' dir='ltr'>ducit,</span> <span class='ocrx_word' id='word_1_211' title='bbox 922 3334 1205 3446; x_wconf 76' lang='lat' dir='ltr'>probibeatram</span> 
     </span>
     <span class='ocr_line' id='line_1_31' title="bbox 103 3443 1214 3638; baseline -0.009 -106"><span class='ocrx_word' id='word_1_212' title='bbox 103 3445 231 3536; x_wconf 76' lang='lat' dir='ltr'>ducat:</span> <span class='ocrx_word' id='word_1_213' title='bbox 256 3449 290 3557; x_wconf 78' lang='lat' dir='ltr'><em>fi</em></span> <span class='ocrx_word' id='word_1_214' title='bbox 302 3448 454 3552; x_wconf 86' lang='lat' dir='ltr'>duxerit,</span> <span class='ocrx_word' id='word_1_215' title='bbox 480 3450 662 3638; x_wconf 55' lang='lat' dir='ltr'>erumpnas</span> <span class='ocrx_word' id='word_1_216' title='bbox 684 3447 833 3558; x_wconf 86' lang='lat' dir='ltr'>arripiat</span> <span class='ocrx_word' id='word_1_217' title='bbox 859 3446 1119 3528; x_wconf 81' lang='lat' dir='ltr'>communionem</span> <span class='ocrx_word' id='word_1_218' title='bbox 1143 3443 1214 3550; x_wconf 67' lang='lat' dir='ltr'>nist</span> 
     </span>
     <span class='ocr_line' id='line_1_32' title="bbox 100 3554 1211 3747; baseline -0.001 -113"><span class='ocrx_word' id='word_1_219' title='bbox 100 3585 201 3666; x_wconf 84' lang='lat' dir='ltr'>quem</span> <span class='ocrx_word' id='word_1_220' title='bbox 224 3559 404 3666; x_wconf 84' lang='lat' dir='ltr'>reliquerit</span> <span class='ocrx_word' id='word_1_221' title='bbox 424 3557 526 3667; x_wconf 84' lang='lat' dir='ltr'>prius</span> <span class='ocrx_word' id='word_1_222' title='bbox 573 3588 591 3638; x_wconf 91' lang='lat' dir='ltr'>e</span> <span class='ocrx_word' id='word_1_223' title='bbox 602 3559 725 3747; x_wconf 57' lang='lat' dir='ltr'>‘paulo</span> <span class='ocrx_word' id='word_1_224' title='bbox 745 3558 883 3639; x_wconf 85' lang='lat' dir='ltr'>exierit.</span> <span class='ocrx_word' id='word_1_225' title='bbox 939 3561 1033 3638; x_wconf 85' lang='lat' dir='ltr'>Haec</span> <span class='ocrx_word' id='word_1_226' title='bbox 1055 3554 1211 3661; x_wconf 82' lang='lat' dir='ltr'>aliaque</span> 
     </span>
     <span class='ocr_line' id='line_1_33' title="bbox 103 3664 990 3776; baseline 0 -30"><span class='ocrx_word' id='word_1_227' title='bbox 103 3665 217 3775; x_wconf 80' lang='lat' dir='ltr'>hujus</span> <span class='ocrx_word' id='word_1_228' title='bbox 237 3669 387 3774; x_wconf 85' lang='lat' dir='ltr'>generis</span> <span class='ocrx_word' id='word_1_229' title='bbox 409 3668 583 3776; x_wconf 83' lang='lat' dir='ltr'>cogitatu</span> <span class='ocrx_word' id='word_1_230' title='bbox 620 3689 690 3750; x_wconf 92' lang='lat' dir='ltr'>unt</span> <span class='ocrx_word' id='word_1_231' title='bbox 715 3694 796 3749; x_wconf 90' lang='lat' dir='ltr'>non</span> <span class='ocrx_word' id='word_1_232' title='bbox 820 3664 990 3774; x_wconf 87' lang='lat' dir='ltr'>indigna.</span> 
     </span>
    </p>

    <p class='ocr_par' dir='ltr' id='par_1_3' title="bbox 101 3771 1212 4184">
     <span class='ocr_line' id='line_1_34' title="bbox 158 3771 1210 3885; baseline 0 -31"><span class='ocrx_word' id='word_1_233' title='bbox 158 3780 215 3858; x_wconf 90' lang='lat' dir='ltr'>At</span> <span class='ocrx_word' id='word_1_234' title='bbox 232 3775 330 3856; x_wconf 90' lang='lat' dir='ltr'>mihi</span> <span class='ocrx_word' id='word_1_235' title='bbox 352 3777 584 3883; x_wconf 88' lang='lat' dir='ltr'>expendenti</span> <span class='ocrx_word' id='word_1_236' title='bbox 599 3804 644 3859; x_wconf 88' lang='lat' dir='ltr'>ea</span> <span class='ocrx_word' id='word_1_237' title='bbox 659 3803 744 3885; x_wconf 83' lang='lat' dir='ltr'>quae</span> <span class='ocrx_word' id='word_1_238' title='bbox 758 3776 892 3857; x_wconf 87' lang='lat' dir='ltr'>Paulus</span> <span class='ocrx_word' id='word_1_239' title='bbox 911 3774 958 3855; x_wconf 92' lang='lat' dir='ltr'>ad</span> <span class='ocrx_word' id='word_1_240' title='bbox 973 3771 1210 3858; x_wconf 78' lang='lat' dir='ltr'>Corinthios</span> 
     </span>
     <span class='ocr_line' id='line_1_35' title="bbox 101 3876 1211 3988; baseline -0.005 -22"><span class='ocrx_word' id='word_1_241' title='bbox 101 3876 248 3988; x_wconf 86' lang='lat' dir='ltr'>scribit,</span> <span class='ocrx_word' id='word_1_242' title='bbox 262 3904 408 3967; x_wconf 89' lang='lat' dir='ltr'>certum</span> <span class='ocrx_word' id='word_1_243' title='bbox 427 3885 472 3968; x_wconf 90' lang='lat' dir='ltr'>fit</span> <span class='ocrx_word' id='word_1_244' title='bbox 488 3885 631 3970; x_wconf 83' lang='lat' dir='ltr'>Christi</span> <span class='ocrx_word' id='word_1_245' title='bbox 646 3886 728 3968; x_wconf 83' lang='lat' dir='ltr'>haec</span> <span class='ocrx_word' id='word_1_246' title='bbox 745 3886 859 3968; x_wconf 88' lang='lat' dir='ltr'>verba</span> <span class='ocrx_word' id='word_1_247' title='bbox 875 3913 957 3965; x_wconf 92' lang='lat' dir='ltr'>non</span> <span class='ocrx_word' id='word_1_248' title='bbox 972 3884 1131 3982; x_wconf 84' lang='lat' dir='ltr'>ulterius</span> <span class='ocrx_word' id='word_1_249' title='bbox 1142 3907 1211 3961; x_wconf 84' lang='lat' dir='ltr'>ex·</span> 
     </span>
     <span class='ocr_line' id='line_1_36' title="bbox 103 3988 1212 4184; baseline -0.007 -106"><span class='ocrx_word' id='word_1_250' title='bbox 103 3993 297 4091; x_wconf 83' lang='lat' dir='ltr'>tendenda</span> <span class='ocrx_word' id='word_1_251' title='bbox 314 4023 430 4108; x_wconf 85' lang='lat' dir='ltr'>quam</span> <span class='ocrx_word' id='word_1_252' title='bbox 452 3996 502 4088; x_wconf 83' lang='lat' dir='ltr'>ad</span> <span class='ocrx_word' id='word_1_253' title='bbox 514 3997 694 4107; x_wconf 84' lang='lat' dir='ltr'>conjuges</span> <span class='ocrx_word' id='word_1_254' title='bbox 705 4021 871 4108; x_wconf 72' lang='lat' dir='ltr'>quorum</span> <span class='ocrx_word' id='word_1_255' title='bbox 888 3988 1212 4184; x_wconf 38' lang='lat' dir='ltr'>&amp;iiie-§lirim</span> 
     </span>
    </p>

    <p class='ocr_par' dir='ltr' id='par_1_4' title="bbox 934 4125 1212 4225">
     <span class='ocr_line' id='line_1_37' title="bbox 934 4125 1212 4225; baseline 0 -42"><span class='ocrx_word' id='word_1_256' title='bbox 934 4149 936 4152; x_wconf 55' lang='lat'>&gt;</span> <span class='ocrx_word' id='word_1_257' title='bbox 970 4190 977 4198; x_wconf 61' lang='grc'>,,</span> <span class='ocrx_word' id='word_1_258' title='bbox 998 4130 1009 4183; x_wconf 83' lang='grc' dir='ltr'>ι</span> <span class='ocrx_word' id='word_1_259' title='bbox 1027 4128 1090 4225; x_wconf 72' lang='lat' dir='ltr'>cip</span> <span class='ocrx_word' id='word_1_260' title='bbox 1109 4125 1212 4195; x_wconf 56' lang='lat' dir='ltr'>,nam</span> 
     </span>
    </p>
   </div>
   <div class='ocr_carea' id='block_1_3' title="bbox 0 0 1315 4448">
    <p class='ocr_par' dir='ltr' id='par_1_5' title="bbox 0 0 1315 4448">
     <span class='ocr_line' id='line_1_38' title="bbox 0 0 1315 4448; baseline 0 0"><span class='ocrx_word' id='word_1_261' title='bbox 0 0 1315 4448; x_wconf 95' lang='lat' dir='ltr'> </span> 
     </span>
    </p>
   </div>
  </div>
 </body>
</html>
