2588 4448
97 183 168 285 74
201 158 205 166 ’
288 220 290 225 -
411 151 768 255 Adnotationes
789 153 863 254 ad
1100 207 1103 212 ·

97 306 228 391 ulterii
253 306 364 408 sumi,
390 317 425 392 ἃ
453 304 501 388 sic
530 304 749 389 transsatum
773 307 849 390 hoc
870 301 1190 502 εἰὶἰῑΐρικῆοείεὲ

97 415 254 518 Grecis,
269 414 434 517 Latinis,
447 412 605 522 aliisque
618 415 899 522 interpretibus.
935 515 936 519 Ν
964 444 1071 498 erum
1085 420 1139 499 est
1150 418 1192 499 in

96 525 183 635 lege
200 523 315 608 Mofis
332 522 454 607 vetari
471 550 520 605 ne
537 532 668 607 Scorto
688 525 762 607 snit
783 525 823 605 in
835 525 984 632 popqu
1000 526 1191 610 Hebraeo:

95 634 297 742 prohiberi
321 644 357 719 ὅ(
381 633 574 734 Incestus,
607 644 643 719 bt
673 633 867 742 conjugia
891 660 992 722 cum.
1006 632 1191 717 falsorum

96 749 275 827 Deorum
302 740 612 843 veneratricibus,
650 753 686 827 ἃ
716 768 801 851 quae
828 742 985 830 Veneris
1007 763 1191 850 portenta

95 850 205 933 sunt:
234 849 298 932 sed
318 850 419 939 nihil
441 849 584 932 neceffe
597 849 673 931 fuit
704 849 746 933 in
768 871 848 933 tam
865 850 973 935 brevi
987 852 1192 961 Decalogo

96 960 229 1043 omnia
248 959 421 1061 crimina,
446 987 533 1069 quae
562 955 645 1066 post
669 957 933 1043 interdicenda
963 981 1087 1063 erant,
1112 987 1193 1044 me-

96 1069 253 1172 morari,
279 1096 366 1152 cum
391 1067 582 1170 satisesset
607 1065 749 1178 attingi
770 1096 814 1149 ea
828 1095 914 1178 quae
925 1089 993 1152 aut
1006 1070 1188 1178 pietatem

95 1200 163 1262 aut
175 1176 394 1262 societatem
409 1179 615 1259 humanam
634 1178 801 1259 maxime
809 1178 1003 1260 laederent.
1032 1179 1094 1263 Sic
1108 1207 1191 1263 nou

94 1287 140 1370 fit
167 1287 231 1370 hic
255 1287 403 1373 mentio
427 1285 665 1369 inflictorum
691 1287 916 1391 vulnerum,
957 1285 1023 1369 sed
1052 1289 1193 1395 Caedis,

94 1397 204 1506 quod
221 1397 259 1478 in
278 1422 417 1506 genere
443 1393 668 1477 nocumenti
691 1396 918 1503 corporibus
944 1395 1045 1478 illati
1069 1399 1190 1480 maxi-

93 1533 200 1589 mum
213 1508 278 1588 est.
306 1502 662 1611 Comprehenditur
677 1528 771 1612 ergo
792 1504 951 1614 proprie
960 1505 1020 1589 his
1031 1508 1191 1592 vocibus

95 1628 130 1701 ἃ
153 1640 251 1698 uxor
271 1640 357 1721 quae
373 1613 440 1696 alii
464 1641 578 1721 quam
594 1612 736 1696 marito
759 1612 817 1695 sui
837 1613 988 1696 usuram
1004 1612 1085 1718 dat,
1106 1617 1189 1703 &is

93 1725 164 1835 qui
185 1723 349 1805 alienam
369 1749 530 1804 uxorem
545 1722 701 1830 polluit.
741 1729 920 1834 Uterque
935 1724 1074 1809 mortis
1084 1724 1190 1808 dam·

30 1863 35 1872 ·
92 1852 237 1916 riantur
253 1831 385 1916 Levit.
412 1863 472 1913 20.
497 1861 554 1919 ro.
592 1836 722 1937 Qram
737 1858 897 1938 poenam
911 1833 952 1915 in
966 1839 1191 1920 Romanum

92 1936 298 2050 imperium
337 1940 584 2023 introduxere
615 1939 826 2029 Christiani
862 1942 1056 2050 Principes
1083 1947 1190 2027 Con·

93 2050 191 2134 stans
211 2061 248 2137 ἃ
266 2048 526 2154 constantius,
553 2069 597 2129 ut
609 2074 657 2130 ex
667 2046 816 2154 Codice
826 2050 865 2133 T
867 2050 1104 2136 heodofiano
1121 2079 1189 2160 ap-

92 2180 215 2267 paret.
252 2164 392 2267 Neque
405 2159 562 2268 gravior
583 2185 697 2267 aequo
712 2158 793 2242 haec
805 2186 926 2268 poena
946 2159 1191 2270 putandaest‚

92 2267 229 2377 siquis
252 2264 465 2349 consideret
487 2295 534 2351 ex
556 2267 745 2376 conjugiis
771 2268 873 2365 nasei
896 2268 1191 2379 conservarique

92 2377 281 2477 civitates,
289 2402 419 2458 earum
431 2373 683 2459 fundamenta
696 2380 866 2462 convelli
878 2376 1084 2480 adulterio,
1096 2405 1191 2462 con-

90 2486 258 2597 jugalem
272 2511 442 2571 amorem
460 2484 503 2566 in
525 2485 660 2568 odium
685 2488 798 2591 verti,
820 2485 986 2594 supponi
1008 2486 1190 2589 haeredes,

92 2593 232 2678 domos
247 2613 347 2677 totas
367 2593 521 2702 impleri
537 2594 689 2703 probris
708 2616 824 2704 atque
850 2595 1076 2702 inimicitiis,
1103 2622 1190 2708 quae

93 2703 240 2815 serpe&
255 2705 295 2784 in
309 2701 517 2812 perniciem
544 2703 733 2812 publicam
757 2725 973 2814 erumpant.
