2588 4448
146 184 251 281 232
464 139 852 252 cAdnotationes
866 148 939 249 ad
1026 222 1029 226 -

144 324 257 412 cepta
277 301 330 383 est
350 298 494 387 Christi
513 300 705 403 doctrina,
743 321 789 384 ut
805 326 876 386 nne
896 301 1064 412 imperio
1084 302 1224 387 excede
1279 276 1284 353 ¹

146 432 249 516 rent,
275 437 399 521 neque
417 409 731 526 publicaJudicia
745 410 951 495 abolerent.
988 416 1132 521 Neque
1147 439 1231 516 vero

144 520 191 603 in
211 522 321 604 tantl
343 517 622 628 Episcoporum
660 519 910 603 multitudine
937 520 1143 630 quisquam
1164 519 1233 603 fuit

144 629 217 738 qui
239 657 307 712 eos
330 648 377 709 ut
394 626 435 709 id
451 626 622 712 facerent
634 630 881 722 hortaretur5
903 630 1008 739 quod
1038 630 1139 712 mihi
1163 656 1236 712 cer·

146 737 326 821 tillimum
342 735 417 817 etse
432 736 585 822 videtur
600 738 798 840 indicium,
822 738 1039 821 constanter
1053 740 1236 822 ab'omni-

145 848 215 931 bus
233 844 437 950 creditum,
465 845 564 929 nihil
580 847 652 929 elle
666 848 708 929 in
720 847 797 929 istis
816 847 974 967 Judiciis
986 847 1133 931 Christi
1148 872 1236 955 prae·

144 956 266 1063 ceptis
283 960 618 1063 &Imperatorum
640 953 750 1039 saluti
764 958 1013 1061 contrarium,
1038 983 1131 1039 cum
1148 956 1234 1038 alio-

142 1064 212 1173 qui
224 1061 697 1173 libertatisEpiscoporum
712 1061 887 1148 adversus
900 1071 1027 1173 Reges
1043 1085 1239 1171 peccantes

145 1172 308 1257 illustria
325 1174 471 1255 exstent
483 1176 669 1281 exempla.
711 1173 907 1258 Nimirum
929 1173 1241 1259 meminerant&

146 1283 321 1389 Sergium
336 1290 622 1391 Proptaetorem
635 1280 766 1364 olima
781 1286 897 1365 Paulo
907 1281 955 1363 ad
972 1282 1119 1365 Christi
1127 1282 1243 1365 fidem

148 1388 390 1492 conversum,
415 1417 541 1498 neque
561 1393 752 1473 tamenab
770 1418 818 1473 eo
834 1392 1010 1473 eradium
1023 1409 1071 1471 ut
1088 1390 1128 1473 se
1150 1400 1241 1475 Pro-

146 1501 333 1609 praeturl,
372 1499 412 1582 in
432 1502 510 1609 quh
532 1500 803 1584 continebatur
828 1512 862 1585 δι
893 1501 953 1609 jus
974 1497 1112 1610 gladii,
1136 1500 1240 1583 abdi·

148 1629 263 1692 caret.

203 1714 529 1805 videbitur-sorte
544 1716 769 1828 quibusdam
792 1716 904 1800 aliter
929 1714 1245 1801 senfilseTertul-

147 1826 285 1929 lianus,
306 1852 392 1910 cum
421 1825 546 1929 dicit,
586 1824 660 1909 Sed
684 1834 719 1908 ὅ
741 1829 885 1931 Caejares
906 1824 1127 1931 credidtffent
1138 1827 1244 1935 snper

101 1940 109 1955 '
146 1933 284 2040 Christo,
300 1936 340 2040 si
350 1955 413 2016 aut
426 1938 568 2043 cesares
583 1964 649 2014 non
668 1935 769 2039 efferat
788 1935 897 2038 seculo
925 1934 1122 2039 neteffarii,
1143 1935 1247 2040 autst

147 2050 184 2125 &
200 2042 571 2166 Christianiporniffent
585 2045 648 2149 effe
670 2046 822 2148 Caefhrrst
863 2044 933 2127 Sed
946 2043 1054 2128 forte
1074 2044 1155 2127 hoc
1172 2072 1239 2128 tto-

147 2152 222 2233 luit
235 2154 509 2257 Tertulhanus,
519 2180 606 2235 cum
621 2152 652 2233 is
666 2152 756 2231 ellet
766 2153 936 2235 Romani
955 2153 1118 2260 Imperii
1129 2154 1245 2235 status

146 2274 192 2342 ut
207 2261 466 2347 Christianum
486 2272 763 2370 Imperatorem
786 2259 888 2344 serre
901 2288 983 2343 non
1005 2262 1144 2369 pollet,
1171 2261 1244 2345 Di·

21 2473 24 2480 Ι
63 2459 66 2465 ,
147 2373 243 2452 vino
267 2368 421 2452 interim
442 2371 600 2454 numine
621 2373 676 2450 ita
703 2396 761 2451 res
774 2372 1001 2477 gubernatas
1024 2388 1071 2451 ut
1095 2396 1165 2477 per
1179 2397 1244 2476 pa⁴

146 2505 266 2585 ganos
287 2487 544 2585 Imperatores
570 2479 807 2588 aliquatenus
828 2476 989 2585 publicae
1021 2476 1240 2586 tranquilli·

148 2589 220 2670 tati
245 2586 518 2671 consuleretur.
545 2592 648 2671 Nam
670 2588 771 2668 idem
794 2586 859 2669 ille
874 2588 1047 2697 Scriptor
1073 2589 1148 2694 jam
1170 2582 1242 2669 suo

146 2718 321 2804 tempore
333 2698 427 2780 dicit
440 2698 594 2800 Tribus,
620 2695 815 2797 Decurias,
835 2697 1036 2797 Palatium,
1050 2702 1246 2799 Senatum,

147 2811 292 2889 Forum
312 2807 472 2916 impleta
485 2805 594 2887 soille
604 2804 842 2888 Christianis.
888 2805 978 2886 Alia
998 2804 1118 2885 etiam
1134 2826 1246 2889 trete-

145 2942 231 2997 rum
256 2914 353 3017 loca,
390 2943 477 3026 quae
495 2917 644 2997 obstare
674 2913 836 3022 publicis
854 2913 1016 3026 Judiciis
1046 2912 1245 3015 videntur,-

144 3023 446 3106 commodiorem
484 3025 601 3133 longe
639 3023 996 3130 interpretationem
1038 3021 1245 3127 recipiunt.

144 3137 248 3215 Nam
260 3153 326 3215 aut
344 3133 420 3215 hoc
432 3131 587 3233 dicitur,
602 3132 745 3216 Christi
758 3151 947 3239 praecepta
961 3130 1084 3214 nullas
1103 3129 1245 3213 habere

21 3298 24 3303 ι
143 3238 360 3324 sanctiones
381 3239 706 3350 adspemabilium
732 3266 958 3347 poenarum,
998 3241 1132 3349 quales
1156 3241 1241 3319 Lex

144 3348 262 3449 Musis
282 3350 429 3455 habuit,
456 3362 491 3437 δι
511 3349 588 3471 stne
605 3347 792 3468 ejusmodi
806 3348 1014 3457 'suppliciis
1040 3348 1083 3429 in
1100 3345 1241 3430 Christi

141 3456 865 3685 ltlllhlllhhlzljhhfflt
874 3453 1245 3668 illisa-‘illl

141 3692 232 3755 irone
248 3673 382 3784 gladii:
420 3676 487 3760 aut
514 3674 770 3784 magistratum
799 3670 983 3780 suscipere
1011 3673 1246 3765 dissuadent,

66 3828 69 3833 ·
139 3805 281 3866 nonut
305 3809 386 3864 rent
399 3784 591 3886 illicitam,
616 3781 883 3865 sedutmultis
907 3780 1159 3890 delinquendi
1177 3808 1244 3889 pe·

139 3891 269 3975 riculis
282 3891 504 3998 expostam.
548 3901 637 3976 Hoc
653 3889 954 3982 sensussatianus
965 3916 1013 3970 ex
1029 3889 1242 3973 Christiani

140 3999 301 4108 persons
324 3999 442 4107 dicit,
480 3999 645 4110 pampica
666 4000 844 4111 nupseram
871 3994 1241 4191 Praturarpbrdefirgio.

214 4154 217 4159 -
547 4187 550 4192 ,
628 4138 654 4207 4
1099 4137 1113 4185 r
1142 4136 1245 4190 turtur
