2588 4448
87 172 189 265 250
399 136 760 241 Adnotationes
783 139 860 241 ad

85 292 203 375 betam
227 292 292 398 effe
313 290 517 403 acquirendi
541 290 676 373 nmdrrm
698 294 904 397 naturalem,
930 303 969 379 ὅ(
999 319 1093 374 cum
1114 302 1174 378 Eu

86 403 227 513 ripide,
248 406 404 486 Graecos
416 402 456 482 in
472 401 512 483 id
526 423 637 485 natos
650 424 695 485 ut
707 404 880 487 Barbaris
896 400 1107 508 imperent,
1118 404 1180 514 qui

87 512 130 595 in
157 539 198 595 re
223 511 393 593 creditur
408 509 591 619 Philippo
609 523 647 597 dt
663 510 885 595 Alexandro
910 510 1060 593 bellum
1084 512 1128 594 in
1140 521 1180 598 A·

88 620 179 707 fiam
194 620 441 703 molientibus
456 619 558 703 ultra
572 646 723 729 aequum
750 618 999 731 gratificatus.

145 736 285 839 Neque
302 725 428 841 Judaei
450 728 523 811 soli
544 729 637 839 tales
652 724 761 811 fuere
785 730 828 813 in
853 751 1053 841 externos,
1079 725 1181 821 sed&

81 840 234 943 ‚Gr'aeci,
264 860 311 919 ut
332 836 581 940 Thucydides
596 864 643 920 ex
658 844 835 921 Homero
848 840 1003 947 probat
1030 841 1181 947 Qin&

88 948 132 1033 in
151 954 421 1032 Romanorum
444 953 535 1064 Jure
549 944 842 1031 inhumanitatis
858 949 962 1031 istius
973 944 1112 1031 extant
1129 975 1179 1053 ve·

83 1056 221 1167 'stigiaz
248 1055 451 1138 censebant
470 1065 574 1139 enim
599 1053 708 1137 suum
731 1056 814 1139 fieri
836 1056 946 1169 quod.
967 1056 1017 1138 ad
1048 1052 1089 1137 se
1111 1083 1184 1164 per·

89 1166 252 1253 venisset
274 1192 321 1247 ex
336 1161 579 1274 populonon
595 1163 784 1269 sederato,
808 1170 879 1249 'nec
900 1164 1073 1273 quodvis
1088 1163 1186 1248 sedus

88 1272 268 1359 adversus
292 1274 368 1356 hoc
384 1276 442 1381 jus
456 1272 651 1379 proderat,
680 1273 745 1357 sed
763 1273 805 1356 id
828 1274 983 1357 demum
999 1273 1041 1355 in
1053 1276 1186 1383 quode

89 1383 260 1467 amicitis
289 1382 435 1493 aliquid
463 1404 727 1477 convenerats
762 1384 876 1493 plane
902 1382 1009 1493 quast
1043 1391 1185 1467 Natura

91 1495 237 1577 nullam
262 1491 363 1575 inter
386 1490 563 1573 homines
582 1490 790 1574 amicitiam
813 1490 1084 1576 constituisset.
1121 1490 1183 1576 Sed

91 1602 159 1685 lux
172 1602 312 1686 artium
336 1611 372 1686 δι
391 1598 675 1706 disciplinarum
691 1606 837 1711 Legem
851 1607 1016 1685 Naturae
1029 1600 1184 1711 subpra-

92 1712 149 1797 vis
160 1709 334 1805 ,moribus
350 1706 537 1816 sepultam
556 1709 742 1819 paulatim
768 1706 1019 1794 resuscitavit.

150 1827 294 1906 Verum
318 1817 366 1899 ad
381 1818 566 1901 Hebtaeos
580 1818 807 1927 posteriores
829 1840 873 1900 ut
893 1821 1114 1925 redeamus,
1137 1850 1185 1903 re-

92 1947 244 2035 ceptam
266 1925 375 2010 fuisse
398 1926 498 2033 apud
517 1926 618 2034 ipsos
637 1926 862 2011 sententiam
880 1931 989 2011 redte
1005 1930 1131 2014 occidi
1149 1958 1182 2013 ac

89 2035 251 2145 spoliari
278 2063 345 2117 eos
372 2036 439 2143 qui
462 2035 841 2139 Idolis'serviebanr,'
859 2034 1032 2145 ipsorum
1058 2039 1184 2149 scripta

94 2145 311 2231 ostendunt.
357 2145 478 2252 Atqui
502 2145 542 2225 in
564 2152 670 2257 Lege
683 2143 799 2233 Mosrs
814 2153 918 2228 Deus
930 2168 1061 2231 certos
1071 2178 1186 2259 popu·

93 2254 153 2337 los
172 2253 401 2336 nominatim
424 2252 640 2361 puniendos
664 2254 841 2364 delegans
859 2253 946 2337 satis
963 2258 1137 2340 ostendit
1155 2259 1187 2340 in

94 2363 191 2446 alios
209 2362 383 2470 quamvis
397 2361 494 2445 salsis
506 2364 672 2446 cultibus
687 2363 903 2472 implicatos
919 2392 1002 2447 non
1020 2364 1126 2448 idem
1135 2370 1187 2478 ju·

94 2471 147 2557 ris
169 2470 255 2574 esse,
281 2469 490 2579 prasertim
515 2500 602 2554 cum
633 2473 817 2580 temporis
844 2475 1112 2557 maturitatem
1141 2474 1186 2557 sui

94 2578 264 2667 volucrit
287 2578 361 2660 effe
383 2579 545 2665 arbitrii.
587 2585 816 2692 Quanquam
840 2582 944 2665 enim
973 2583 1091 2669 valde
1114 2611 1186 2667 cor·

95 2690 201 2799 rupti
222 2711 332 2772 erant
356 2686 508 2771 istarum
534 2694 707 2801 gentium
737 2719 862 2797 mores
877 2693 955 2801 jam
981 2691 1187 2777 Abrahami

94 2794 347 2911 temporibus,
374 2819 503 2880 tamen
526 2798 698 2881 nondum
724 2827 811 2881 eum
832 2796 1091 2908 impleverant
1114 2831 1189 2884 mo·

97 2909 204 3013 dum,
222 2905 505 3017 quemDivinae
520 2908 672 2991 lenitati
684 2905 804 3007 visum
832 2932 914 2991 erat
938 2912 1129 3019 opperiri,
1154 2931 1190 3014 ut

96 3019 225 3103 Moses
243 3046 313 3100 nos
329 3015 443 3099 docet
462 3020 562 3099 Gen.
582 3018 638 3112 1'5.
658 3035 717 3099 16.
754 3025 841 3127 Jam
860 3046 956 3100 vero
970 3042 1015 3101 ut
1035 3020 1085 3104 de
1108 3022 1189 3104 ldu·

95 3128 201 3211 'tureis
227 3145 400 3230 taceam,
426 3127 636 3235 AEgyptios·
651 3127 798 3209 constat
827 3148 918 3209 ante
939 3128 1191 3212 Hebraeorum

99 3235 247 3318 exitum
270 3236 386 3319 Bovis
409 3231 676 3316 fimulachrum
705 3235 882 3318 coluisse:
910 3264 998 3317 nam
1023 3239 1117 3322 inde
1131 3267 1188 3321 eu·

96 3344 269 3450 ‘emplum
299 3342 418 3425 focdae
440 3340 716 3451 superstitionis
743 3347 789 3427 ad
804 3349 989 3428 Hebraeos
1003 3348 1188 3432 manavit:

101 3456 242 3561 Neque
270 3472 395 3534 tamen
414 3452 604 3559 permittit
619 3458 701 3533 Lex
714 3454 898 3537 Hebraeos
920 3483 1061 3538 nocere
1082 3464 1192 3567 AEgv-

100 3558 206 3683 ptiis.
240 3562 312 3642 Sed
335 3575 371 3647 ὃ(
391 3562 592 3644 meliorum
607 3561 1079 3675 tempotumconsuetudo
1106 3567 1195 3676 legis

102 3670 438 3780 interpresJudaeis
457 3669 687 3755 adversatur.
713 3676 925 3781 Nunquam
933 3675 1039 3755 enim
1050 3698 1120 3760 aut
1130 3706 1194 3784 por

100 3776 214 3887 pulus
232 3782 417 3859 Hebraeus
429 3800 497 3860 aut
517 3780 611 3864 boui
632 3780 825 3888 Principes
837 3782 877 3863 in
895 3784 1065 3889 populos
1078 3814 1194 3896 quan·

189 3884 247 3969 vis
271 3884 549 3993 superstitiosos
576 3890 721 3973 bellum
737 3914 957 3994 moverunt,
983 3893 1055 3977 nlfi
1086 3919 1193 3977 novis

37 3896 220 4202 Ὗ
242 3996 461 4109 provocati.
514 3998 702 4085 Mendose
736 3998 857 4147 igitur
877 4002 1004 4111 Judaei
1029 4001 1196 4222 ἓὲῧξιὲιζ
