2588 4448
208 135 512 236 ‘Sermonem
522 129 731 234 Domini.
770 128 925 233 Matr.
945 171 986 258 5.
1075 163 1176 264 237
1281 169 1288 189 ·

77 311 208 373 torma
229 298 442 381 urDeum;
467 311 536 372 aut
551 291 667 371 etiam
677 291 787 401 quod
813 291 1018 398 propositis
1041 315 1179 377 contra

80 398 320 491 Christianos
340 402 482 482 ediffls
501 400 678 507 quotidie
705 402 754 482 ad
766 428 813 481 ea
832 402 1044 483 exercenda
1059 431 1178 484 maim

81 509 245 590 militari
253 532 469 592 uteremur.
509 509 669 592 Talibus
684 511 791 592 enim
811 512 1048 618 temporibus
1062 511 1179 595 Cltri·

81 617 195 703 stimi
208 621 467 703 mouebantur
488 615 671 729 defugere
684 618 876 720 militiam,
894 617 969 706 &li
992 619 1060 730 qui
1075 619 1179 701 mili-

82 737 246 808 'tarenta
268 729 341 837 piis
355 729 522 820 coetibus
532 727 768 808 arcebantur.
807 732 946 837 Neque
968 731 1047 815 alio
1059 729 1179 836 perti·

81 856 149 916 net
162 835 271 944 quod
282 837 321 919 in
338 836 487 921 Nicenb
501 835 661 937 Synodo
671 839 923 920 constitutum
932 837 989 918 est
1000 836 1178 930 adversus

81 971 145 1026 eos
163 945 233 1054 qui
250 943 364 1027 semel
375 947 545 1053 depolitl
567 941 636 1036 sub
650 947 806 1035 Licinio
825 946 965 1028 militia
975 947 1177 1056 cingulum

80 1050 340 1158 resumfiffent,
367 1083 505 1189 nempe
517 1052 587 1135 sub
606 1053 744 1137 eodem
759 1055 929 1159 Licinio,
938 1057 1021 1164 qui,
1046 1078 1177 1140 utnos

80 1160 266 1245 Eusebius
277 1165 406 1266 dooet,
433 1199 494 1250 ras
573 1165 684 1248 udus
699 1165 855 1248 ὸκὲλώσε
878 1164 1111 1264 malama
1130 1167 1177 1248 τὲ

81 1267 282 1379 Kampai&
306 1271 331 1352 ei
356 1274 403 1380 pai
424 1279 486 1357 mie
542 1273 647 1378 mma
669 1270 748 1370 θύειν
770 1273 905 1387 merim,
933 1273 1062 1357 mt'lites
1079 1270 1178 1384 jnfflt

81 1380 414 1491 mdrtaradrgaatate
422 1379 517 1486 exui,
526 1382 595 1490 aifi
599 1380 674 1462 diis
681 1381 884 1487 sacrificare
905 1382 1036 1463 vellent.
1072 1388 1179 1465 Nam

81 1510 125 1572 ut
141 1494 374 1599 generaliter
391 1491 442 1571 de
463 1494 573 1574 omui
588 1491 772 1574 militiais
793 1521 918 1578 canon
937 1490 1178 1599 intelligatur

81 1597 252 1687 historia
265 1621 482 1708 temporum
508 1622 722 1709 repugnat:
763 1603 925 1710 Quippe
947 1600 1069 1708 major
1091 1627 1177 1707 pars

82 1709 271 1791 exercitlls
282 1709 530 1795 Constantini
545 1738 591 1789 ex
609 1708 833 1793 Christianis
847 1730 943 1792 erat.
986 1707 1082 1794 Etsi
1107 1709 1177 1816 qui

84 1817 293 1901 Christiani
312 1816 383 1900 sub
391 1819 546 1901 Licinio
573 1818 751 1900 militiam
767 1819 986 1922 omiserant,
1013 1818 1059 1900 iis
1081 1817 1176 1898 libe-

80 1953 167 2007 rum
193 1925 286 2009 fecit
310 1927 587 2017 Constantinus
614 1957 663 2011 an
691 1927 869 2010 militiam
890 1926 1078 2010 resumere
1097 1929 1178 2012 uel·

79 2035 175 2138 lent,
187 2044 276 2118 aua
300 2037 441 2118 militia
458 2064 602 2120 vacare.
643 2036 767 2134 Quod
778 2059 904 2120 autem
923 2037 1101 2117 militiam
1119 2036 1177 2116 in-

81 2143 232 2231 tetdum
244 2144 459 2228 diffuadent
472 2147 699 2256 Scriptores,
726 2143 845 2228 simile
865 2143 921 2224 est
939 2144 977 2227 ei
995 2143 1103 2252 quod
1125 2143 1177 2225 de

64 2234 277 2339 ‘bonorum
291 2254 383 2364 lugd
403 2257 642 2339 dicebamus:
671 2257 810 2361 partim
837 2255 955 2336 etiarn
968 2251 1175 2336 causaslra·

79 2363 145 2449 bet
165 2383 387 2472 temporum
414 2366 569 2447 illorum
590 2366 777 2474 proprias,
796 2387 843 2447 ut
870 2360 919 2444 ad
933 2367 1047 2447 Lueae
1059 2384 1176 2470 caput

81 2500 115 2572 3.
128 2473 383 2556 ostendemus.
421 2479 561 2584 Neque
575 2500 670 2556 vero
693 2472 832 2556 dubito
843 2472 939 2581 quin
955 2474 1081 2554 multo
1105 2476 1177 2552 im·

77 2581 226 2690 pensius
237 2582 437 2665 dissuasuri
459 2583 617 2685 fuerint,
643 2582 669 2663 fi
685 2584 875 2666 bellorum
893 2583 1012 2663 nostri
1025 2605 1175 2704 tempo·

79 2691 134 2774 ris
155 2693 297 2773 rabiem
319 2705 358 2779 δι
390 2692 521 2796 castra,
550 2692 739 2800 perjuriis,
765 2692 913 2800 stupris,
950 2688 1177 2791 latrocimis,

79 2801 186 2881 omui
202 2801 562 2911 deniquevitiorum
577 2801 759 2897 confluxu
776 2801 974 2908 inquinata
984 2798 1174 2884 sidillent.

78 2917 141 2992 Eo
165 2933 323 2994 ventum
350 2911 402 2991 est
421 2931 464 2992 ut
483 2938 562 2992 rem
596 2937 771 3021 magnam
797 2905 971 3017 praellare
995 2908 1176 2991 videatur

76 3018 187 3100 miles
199 3020 453 3123 Christianus,
479 3022 506 3102 fi
528 3049 608 3100 uon
627 3020 766 3102 veteris
798 3033 833 3106 ὅ(
863 3044 1020 3127 pagauae
1037 3021 1176 3099 Romae

77 3127 258 3232 militem,
291 3128 393 3239 ipsos
416 3130 584 3238 denique
612 3132 756 3216 Tuscae
784 3127 979 3236 flagitiofis
1002 3124 1175 3217 moribus

77 3234 220 3320 vincat.
260 3243 399 3347 Longe
414 3239 480 3320 alii
496 3236 636 3320 milites
656 3238 728 3323 lint
747 3257 907 3345 oportet
927 3262 1013 3318 cum
1034 3235 1175 3345 quibus

74 3371 125 3426 ex
150 3347 366 3456 Evangelio
387 3375 567 3455 agamus:
607 3375 696 3429 nam
730 3347 818 3428 istos
848 3358 884 3431 ἃ
919 3340 1044 3428 sensus
1068 3371 1175 3426 com-

75 3456 258 3646 prunis&
288 3459 527 3564 comparatio
556 3459 694 3539 veteris
722 3453 1052 3569 disciplinatae:
1082 3483 1176 3539 con·

102 3587 273 3647 emnam.

130 3681 194 3759 Ut
223 3702 317 3756 vero
345 3705 432 3785 quae
451 3674 608 3776 fufius&
636 3674 767 3757 multis
793 3672 843 3754 de
872 3671 976 3754 bello
1008 3674 1176 3756 tra'dtata

74 3778 166 3864 sunt
180 3786 308 3890 paucis
329 3787 578 3893 eompledlar‚
591 3798 625 3868 ὅ(
648 3785 674 3866 si
696 3782 790 3892 quid
809 3789 837 3863 a
848 3783 992 3892 pietate
1005 3784 1177 3885 alienum

76 3891 154 3974 illis
177 3896 375 3998 probatur,
401 3895 529 3977 obiter
546 3893 732 3996 refellam,
745 3895 892 3997 coastat
908 3914 983 3975 tres
996 3893 1069 3972 effe
1083 3891 1178 3971 belli

77 4025 215 4108 partes,
245 4003 847 4117 ipitium‚progrellum,exitum.
892 4013 938 4087 lu
961 3997 1177 4191 ipspircrptib

84 4130 89 4136 ·
774 4136 776 4140 ’
930 4189 935 4200 ,
1028 4135 1076 4216 pe
1114 4134 1176 4215 arr
