2588 4448
254 163 528 269 Sermonem
538 144 747 264 Domini.
785 153 940 266 Mot't.
958 200 999 290 5.
1085 199 1175 301 193

81 324 172 404 'ein
194 317 388 424 dommim,
424 344 598 399 recurrere
627 313 681 396 od
698 317 847 399 omniurn
868 319 1037 400 aniiorem
1057 349 1099 402 oo
1113 339 1183 432 po·

79 451 177 514 trem
197 435 323 534 Deum,
355 425 508 512 addidit
534 426 652 534 jurari
673 428 779 537 polle
805 456 873 538 per
893 448 1082 538 parentes,
1108 455 1183 513 ter-

81 568 182 642 ram,
199 539 340 642 solem,
353 539 462 640 astra,
475 532 726 621 Universum.
766 538 882 623 Plane
897 560 942 621 ut
963 537 1013 621 ad
1036 546 1184 622 Home-

82 676 173 734 rum
198 669 340 731 notant
370 647 622 755 interpretes,
659 649 887 730 Graecorum
919 648 1186 734 vetulliffimos

83 788 171 842 non
192 758 267 839 effi.
279 755 414 839 solitos
428 753 600 844 wilifrit
614 752 703 834 moal
717 762 743 839 ’ῗ
756 757 837 840 osio
851 758 977 866 imoimo,
993 756 1082 839 didit
1097 756 1186 838 noni

82 867 421 970 immeritor,
438 860 554 971 focile
563 880 631 974 per
646 866 736 946 Deos
761 863 880 972 'rore‚
887 866 958 974 sed
967 885 1035 975 per
1059 896 1116 948 res
1128 865 1186 946 ob·

83 978 180 1059 vioe.
224 984 279 1060 At
312 974 483 1084 optimus
506 974 588 1059 veri
615 975 722 1085 Magi
757 1002 799 1057 er
818 977 986 1059 ostendit
1011 977 1092 1058 haec
1112 976 1186 1057 mi·

54 1098 58 1108 ’
86 1085 169 1168 sera
186 1085 260 1167 effe
280 1087 372 1165 mali
388 1083 506 1167 moris
530 1083 713 1192 praefidia,
738 1083 816 1166 hoc
836 1083 922 1167 usus
943 1109 1188 1196 argumento,

88 1194 195 1305 quod
232 1196 308 1277 illae
335 1193 453 1276 etiam
477 1191 655 1276 formulae
674 1210 742 1302 per
768 1223 824 1274 res
856 1196 949 1275 alim
980 1195 1097 1277 tacite
1128 1216 1186 1275 ta-

89 1332 178 1387 men
198 1304 247 1387 ad
262 1308 389 1384 Deum
404 1302 654 1405 referrentur,
678 1303 787 1412 quod
810 1301 950 1384 deinde
970 1301 1188 1411 fingulatim

87 1413 270 1523 explicat
325 1418 469 1499 Verum
489 1411 565 1494 hoc
580 1411 654 1493 effe
676 1411 828 1498 vidit&
855 1413 1048 1522 Ulpianus
1067 1409 1189 1521 Juris·

83 1522 307 1608 consultus:
335 1522 409 1637 Qi
420 1539 487 1631 per
521 1523 662 1623 alutem,
687 1519 828 1628 inquit,
841 1522 948 1629 suom
960 1520 1064 1633 jorae
1078 1527 1190 1603 Deum

79 1633 212 1746 jurare
240 1630 404 1726 iidemu
442 1660 481 1712 re
514 1629 589 1711 eiin
621 1627 714 1709 enim
744 1631 873 1712 Divini
904 1632 1051 1713 numinis
1072 1630 1189 1744 jorot.

90 1750 186 1826 Erat
201 1754 237 1828 dt
251 1742 346 1824 alius
354 1738 578 1852 judaeorum
601 1765 724 1841 error,
738 1740 846 1848 quod
860 1769 908 1823 ex
923 1742 999 1825 illis
1011 1739 1190 1824 formulis
1209 1827 1213 1836 ,

87 1852 304 1935 minoribus
317 1850 473 1961 jurandi
490 1851 580 1930 alias
599 1871 781 1957 putarent
807 1851 886 1933 vim
903 1851 1104 1961 obligandi
1122 1852 1189 1933 ha-

89 1965 195 2064 bere,
222 1963 315 2044 alias
341 1988 423 2050 non
446 1959 609 2048 habere;
648 1956 712 2042 sed
737 1957 837 2041 istud
859 1961 949 2066 quia
976 1960 1024 2042 ad
1047 1962 1189 2043 horum

91 2070 240 2155 Christi
256 2067 781 2176 verborum-explicationem
812 2070 972 2177 proprie
995 2096 1078 2150 non
1103 2096 1190 2177 per-

93 2179 195 2263 tinet
203 2179 297 2262 alibi
313 2176 557 2261 trad'tabitur.

149 2289 353 2382 Videamus
369 2315 464 2396 ergo
479 2288 573 2396 quid
590 2285 635 2368 fit
656 2285 745 2371 ’ὅλως
757 2285 903 2369 omnim.
930 2287 1192 2372 Maimonides

90 2424 144 2481 ex
163 2398 430 2506 autiquiffimis
447 2399 701 2478 Hebraeorum
727 2396 920 2507 Magistris
945 2396 1068 2481 haufit
1092 2401 1191 2482 hauc

88 2506 335 2610 sententiam,
362 2507 610 2616 Optimoonmso
629 2504 759 2585 homini
780 2536 846 2587 non
857 2503 979 2616 jurare
1003 2487 1121 2609 5¹72,
1149 2509 1190 2588 id

87 2621 161 2723 est,
172 2617 326 2729 prorsas.
369 2625 422 2699 Et
446 2614 576 2698 similis
596 2618 650 2696 est
665 2616 768 2721 apud
788 2618 1010 2722 Epictetum
1029 2617 1192 2718 locutio,

91 2725 287 2834 nopnlnmny
308 2723 388 2829 ‘iimo
401 2723 455 2808 rie
476 2731 574 2816 ἅπαν,
609 2725 756 2805 Declino
774 2722 1021 2836 jnsjrarondum
1045 2725 1189 2808 omnino.

95 2841 270 2947 Apparet
286 2835 386 2916 idem
404 2835 476 2915 effe
504 2819 621 2937 ΞΒ),
643 2835 742 2924 inor,
760 2838 803 2918 eie
820 2841 918 2918 inno.
946 2839 1052 2922 Sic&
1074 2835 1191 2951 Justi-

93 2973 166 3027 nus
178 2944 234 3026 ait
248 2942 491 3026 Christianos
501 2945 548 3051 pi
570 2943 794 3049 ipodom‘o'noe
815 2945 949 3027 omnino
966 2975 1031 3025 non
1048 2944 1190 3055 jurare:

93 3068 132 3140 δι
143 3051 439 3157 chrysostomus
460 3082 509 3133 ex
524 3057 600 3135 hoc
612 3051 792 3134 Matthaei
808 3053 911 3159 loco,
939 3062 985 3134 οὐ
1000 3051 1091 3162 θέμις
1106 3045 1193 3140 'inat

93 3161 232 3270 invitior,
250 3160 310 3244 eol}
329 3160 484 3263 dononio
505 3160 619 3268 inoipdo
646 3149 732 3276 igne,
762 3162 883 3269 Nefas
899 3163 1032 3244 omnino
1047 3184 1110 3246 ont
1134 3161 1192 3275 ju·

90 3301 177 3353 rare
197 3291 261 3351 om
274 3269 424 3387 parandi
439 3269 665 3381 neceffitatem
681 3272 870 3384 imponere:
898 3273 1079 3382 idemque
1096 3307 1128 3367 7.
1145 3273 1194 3356 ad

90 3386 308 3485 Romanos,
335 3378 538 3462 Kondcncin
563 3379 843 3490 dinopninom’riitio
866 3381 1031 3490 nio’povtivon
1053 3385 1192 3484 melinae,

94 3492 203 3571 Vetot
225 3520 291 3570 non
305 3485 497 3600 perjurium
508 3488 719 3631 jioljorare
742 3489 888 3576 omnino.
939 3501 989 3575 Et
1005 3494 1050 3575 de
1066 3495 1196 3579 statuis

97 3601 256 3700 odlaVO,
298 3594 429 3697 Redime
453 3599 502 3710 poi
521 3603 646 3706 intonen
670 3610 685 3682 i
707 3600 783 3685 osio
806 3601 938 3698 hainone,
965 3607 1109 3685 Omnino
1129 3634 1195 3683 non

84 3703 213 3821 jurare
235 3712 330 3791 Dem
344 3707 450 3820 jnfflt.
493 3711 567 3793 Cui
587 3707 721 3791 similia
736 3711 864 3818 legere
886 3715 940 3794 est
957 3714 1059 3823 apud
1084 3715 1197 3796 Hila-

92 3819 210 3922 rium,
239 3818 496 3919 Ambrolium,
507 3821 805 3923 Hieronymum,
823 3822 1108 3924 chromatium,
1118 3828 1200 3905 Oe-

90 3928 328 4032 eumenium,
363 3928 730 4033 Theophyladium,
767 3931 1034 4033 Euthymium.
1079 3931 1198 4037 Apud
1238 3953 1252 3967 ”

94 4034 502 4143 ΕυῶῦἰιιηικΒειῆΙίἀεε
531 4037 688 4147 quidam
714 4040 880 4149 Origeni
909 4069 1059 4125 coaevus
1074 4040 1197 4147 <jusju-

640 4145 716 4230 Bb
1037 4147 1213 4232 tandum
