2588 4448
252 181 527 283 Sermonem
540 172 748 279 Domini.
786 174 941 281 Mati.
962 216 1005 300 5.
1078 215 1170 290 121

71 331 182 416 idem
197 331 408 439 Apostolus
428 329 558 439 paffim
577 328 803 438 discriminis
819 334 929 414 causa
950 333 1174 445 legemfailo-

76 468 157 522 rum
181 460 308 545 vocat,
334 452 419 522 eam
446 439 627 523 nimirum
652 440 775 550 legem
806 441 978 524 indicans
1000 472 1115 551 quam
1134 448 1176 530 in

77 543 352 661 cognoscendis
373 548 489 633 causis
509 548 665 632 Hebraei
687 551 838 661 Judices
862 547 968 662 sequi
994 557 1176 637 teneban-

77 679 165 742 tur:
191 658 262 770 qui
282 684 409 768 neque
424 657 595 742 animum
617 678 799 766 poterant
818 657 1084 769 introspicere,
1111 688 1177 746 ne-

74 792 263 889 querere
277 767 325 851 ad
355 766 534 858 ¹unienda
548 766 683 850 omnia
694 765 795 852 secus
811 766 925 875 faeta,
942 767 1006 852 sed
1019 795 1063 850 ea
1078 770 1178 857 dun·

74 898 188 961 taxat
211 904 299 987 quae
340 877 546 961 orietatem
576 876 729 961 civilem
763 878 953 987 praecipue
983 877 1179 984 laederent,

129 984 306 1070 testatem
327 1006 562 1096 acceperant.
619 991 713 1095 Qo
734 983 895 1072 sensu&
918 985 1097 1072 Clemens
1123 996 1178 1073 A·

71 1014 325 1180 idxandrinue
344 1096 471 1180 cordis
493 1096 677 1179 delictum
701 1117 815 1180 vocat
839 1093 994 1204 ἁμιριὶιι
1011 1098 1093 1206 νόμῳ
1117 1108 1178 1202 οὐχ

77 1202 309 1293 &aelidem
325 1222 504 1315 peccatum
525 1202 617 1316 quod
631 1205 697 1316 legi
721 1234 786 1286 aon
799 1202 968 1319 sicilicet.
1024 1208 1095 1290 Sed
1110 1239 1177 1317 pa·

77 1340 200 1426 ganea
221 1314 293 1397 tali
313 1314 476 1424 quidam
495 1314 718 1398 innocentii
739 1334 944 1398 contentos
961 1313 1092 1397 vixisse
1105 1319 1177 1401 mi·

74 1450 149 1508 nus
167 1423 313 1505 'mirum
344 1425 421 1529 est,
461 1435 559 1532 quo's
589 1451 674 1506 cum
701 1420 927 1508 Christianis
953 1450 1179 1532 comparant

72 1526 347 1618 Tertullianus
361 1532 454 1616 ital
539 1532 637 1615 itur:
665 1536 746 1613 Nor
773 1560 849 1643 erga
862 1532 934 1642 fiii
959 1535 1180 1618 innocentes?

73 1642 167 1754 quid
177 1645 317 1747 utimur,
331 1641 372 1750 st
393 1560 598 1753 midilest.
641 1643 827 1725 Enimvero
843 1640 965 1748 memse
985 1639 1054 1751 est:
1082 1647 1181 1725 inm·

76 1752 228 1833 emnium
239 1757 264 1829 d
276 1754 352 1835 Dm
362 1748 470 1833 'edulii
481 1748 679 1943 ὕεῖιιῇιῖῖι·
687 1779 764 1831 com
778 1750 933 1832 nouimus
945 1774 983 1832 m
996 1759 1019 1830 i
1028 1752 1179 1862 perfeeto

77 1858 258 2052 mi
273 1861 477 1966 revelatam,
549 1859 705 1966 fideliter
727 1858 928 1968 custodimus
950 1884 989 1944 ιιι
1006 1862 1051 1941 ab
1064 1865 1182 1944 incon·

72 1989 90 2052 t
205 1968 241 1985 '⁶
268 1967 449 2081 dispoliare
480 1968 698 2052 mandaram.
763 1968 864 2052 Vobis
891 1989 1006 2073 autem
1028 1971 1181 2054 buroam

73 2077 503 2188 estimaiioinmcmtiam
522 2077 689 2184 tradidit,
715 2077 866 2159 humanu
888 2077 972 2158 item
991 2078 1182 2161 dominatio

77 2188 288 2313 imperauit:
317 2187 405 2270 unde
419 2216 479 2271 mc
489 2188 598 2300 pleae
612 2215 673 2271 nee
691 2186 777 2268 adeo
799 2185 958 2268 timendae
979 2187 1054 2298 estis
1078 2187 1182 2298 disci·

71 2296 448 2407 plmeidimocmtiae
459 2297 657 2381 ueritatem.
712 2302 768 2380 At
786 2294 985 2412 deJudaeis
999 2298 1124 2383 minus
1140 2294 1182 2383 id

78 2405 234 2491 videtur
245 2406 443 2510 credibile,
470 2429 514 2490 ut
530 2408 597 2518 qui
611 2403 750 2490 scirent
763 2409 909 2517 legem
924 2409 1040 2489 latam
1054 2415 1076 2488 a
1089 2413 1182 2492 Deo

73 2517 269 2600 mentium
285 2515 516 2626 inspedtore‚
542 2516 610 2624 qui
632 2529 667 2602 ὃ(
690 2516 887 2599 exanimo
906 2515 942 2598 se
966 2518 1079 2626 diligi
1101 2518 1182 2601 vel-

73 2625 147 2729 let,
165 2636 202 2712 &
216 2653 352 2736 pravas
363 2624 594 2734 cupiditates
612 2625 870 2724 interdiceret.
909 2625 982 2708 Sed
998 2626 1180 2708 nimirum

75 2736 137 2817 ita
162 2760 224 2818 ret
241 2733 332 2840 frtit,
359 2737 450 2845 quia
472 2735 612 2818 talibus
639 2734 837 2844 praeceptis
856 2763 977 2844 poena
993 2735 1098 2819 nulla
1122 2735 1182 2819 di-

78 2839 180 2925 serte
199 2863 283 2926 erat
308 2842 493 2954 apposita,
530 2841 622 2926 ideo
644 2871 729 2926 eam
757 2844 1108 2954 interpretabantur
1137 2846 1180 2929 in

76 2948 228 3038 consilii
245 2954 366 3063 magis
394 2975 542 3061 partem
568 2979 684 3078 quam
710 2953 752 3035 in
775 2955 892 3078 Legis
913 2952 1180 3058 necessitatem,

78 3080 149 3159 aut
163 3080 268 3145 certe
283 3060 423 3172 partim
440 3060 681 3174 quotidianis
696 3062 879 3166 vistimrs,
894 3062 1034 3173 partim
1047 3091 1180 3146 annuo

77 3167 186 3255 sarcro
198 3170 396 3280 piaculari,
421 3171 477 3255 ita
495 3171 685 3282 putabant
710 3200 772 3257 eas
794 3172 897 3255 labes
912 3173 1116 3281 expurgari
1137 3192 1181 3255 ut

75 3280 190 3364 nulla
212 3280 352 3364 earum
367 3281 554 3364 memoria
570 3284 672 3390 apud
694 3287 824 3364 Deum
838 3281 1004 3364 restaret.
1035 3290 1179 3371 Verum

75 3389 282 3501 essequod
307 3389 408 3495 dico,
435 3389 550 3474 docet
570 3420 640 3475 nos
665 3391 766 3474 idem
787 3390 854 3471 ille
875 3391 1025 3494 Paulus,
1053 3393 1119 3501 qui
1140 3391 1178 3474 se

77 3501 230 3584 attenti
257 3500 413 3585 demum
442 3501 559 3610 Legis
584 3498 890 3585 confideretione
920 3497 1089 3583 didiciffe
1112 3504 1182 3604 ait,

81 3634 219 3715 pravas
239 3609 470 3718 cupiditates
492 3609 534 3692 in
558 3610 705 3720 peccati
732 3609 806 3690 effe
820 3607 946 3712 censu,
974 3612 1180 3694 eumalio·

81 3716 153 3828 qui
166 3717 331 3827 idipsum
344 3717 473 3802 fuiffet
486 3718 745 3827 ignoraturus,
765 3718 985 3802 Pharisaieis
996 3721 1180 3803 nimirum

79 3827 313 3940 praejudiciis
345 3827 575 3938 impeditus,
600 3834 815 3912 Romanor.
843 3859 877 3922 7.
902 3860 936 3924 7.
998 3831 1104 3913 Hinc
1127 3832 1183 3913 est

78 3937 191 4049 quod
202 3937 398 4047 Tryphon
419 3936 756 4050 Judaeusadversus
770 3939 960 4059 Justinum
975 3936 1184 4047 disputans,

81 4047 138 4135 ait
165 4069 248 4134 tam
268 4069 583 4160 magnatumque
609 4047 838 4133 admiranda
854 4048 921 4132 sibi
942 4048 1064 4133 videri
1089 4045 1129 4125 oi
1154 4053 1183 4170 {p

664 4162 725 4268 Q
1147 4189 1198 4259 ’ru
