2588 4448
503 141 801 283 Institutio&
816 204 878 277 ’·,“..·.
919 206 931 231 '
1155 172 1185 272 5

74 302 179 405 Quis
199 299 307 393 deret
319 318 480 384 ornatus
500 296 656 409 florenti
670 276 993 409 aeta‘t'e''pueliamv

134 416 230 497 Non
246 411 337 494 fitta
351 409 488 512 virtus,
512 409 631 514 castus
659 409 701 492 in
725 411 836 495 vultu
850 410 997 521 pudor.¹
1070 432 1075 439 '

74 522 168 626 Qta
187 519 337 630 poterit
358 521 509 602 ratione
524 522 614 603 Deo
628 539 804 621 matrona
820 523 997 629 placere?
1087 590 1105 595 ..
1158 588 1161 593 .

132 631 233 719 Viro
245 631 438 715 minorem
451 626 489 710 se
502 652 625 741 gerat,
651 628 800 737 prolem
816 626 966 737 educet.

77 740 192 843 Quid
210 739 331 825 viduo
355 738 502 821 deserta
519 760 610 827 toro
628 765 760 823 curare
771 741 968 850 jubetur?

133 857 276 951 Orare,
300 850 435 930 luxum
450 846 598 958 fugere,
625 844 747 930 adeffe
765 851 979 959 egentibus·

77 959 295 1068 Imperium
308 961 421 1069 quale
437 956 478 1039 in
500 956 667 1041 famulos
687 956 867 1061 laudatur
879 961 1025 1043 herile?
1184 1020 1189 1029 -

137 1070 259 1175 Qod
277 1068 458 1177 aequitate
477 1088 668 1176 temperet
682 1067 782 1152 uires
796 1066 888 1152 suas.
1171 1068 1175 1075 “

84 1185 139 1264 At
154 1178 318 1266 famulus
332 1179 497 1261 domino
524 1176 618 1285 quid
640 1175 699 1282 fit,
725 1176 835 1287 quod
848 1178 999 1284 debeat,
1014 1174 1117 1262 ed'e?

137 1287 342 1392 Industria,
368 1301 502 1372 &non
518 1284 717 1370 blandiens
733 1287 854 1371 oculis
879 1290 981 1372 fides.
1174 1286 1177 1293 ’

80 1397 193 1503 Qud
206 1397 342 1481 docuit
366 1395 541 1481 Christus
562 1395 774 1491 vetithsub·
788 1397 891 1495 taede
911 1398 1070 1482 notari?
1170 1474 1176 1485 ,

137 1507 297 1590 Livoris
316 1527 442 1588 atrum
458 1504 577 1597 virus.
603 1528 721 1616 atque
731 1508 820 1590 odii·
829 1507 938 1592 faces.

77 1617 192 1724 Quid
208 1645 301 1698 vero
327 1615 352 1700 fi
375 1613 481 1698 forte
531 1616 612 1699 rior
626 1645 697 1699 nos
720 1615 859 1699 laeserit
870 1619 996 1700 alter?

137 1732 223 1810 Det
236 1726 302 1807 ille
318 1725 470 1808 veniam
504 1725 614 1828 acile,
639 1725 703 1809 cui
718 1726 830 1809 venia
845 1727 898 1808 est
913 1754 1022 1836 opus.

81 1844 192 1947 Ergo
210 1864 282 1919 nec
298 1831 425 1918 ulcisci
438 1854 721 1944 contemptum,
747 1835 935 1921 &damna
953 1830 1110 1920 licebit?

137 1949 249 2056 Qun
264 1945 337 2027 alia
352 1944 483 2054 potius
496 1945 725 2052 perferenda
749 1944 888 2056 injuria
903 1947 967 2030 est.

81 2059 233 2159 Nonne
253 2054 364 2138 bonis
377 2056 440 2137 lex
452 2052 558 2167 ¹satra
578 2055 688 2163 jubet
701 2084 773 2138 nos
789 2055 861 2138 effe
875 2057 1093 2167 benignos?
1115 2058 1119 2063 ’

140 2165 214 2248 Sed
234 2164 358 2268 ultis,
374 2163 479 2263 malo
501 2160 674 2247 facinore
724 2165 764 2246 ui
781 2166 893 2248 nobis
916 2189 1070 2249 nocent.

88 2273 187 2378 Quis
203 2273 315 2357 dedit
325 2265 544 2381 ,exenrphim
568 2194 744 2383 prodehe
756 2276 982 2359 nocentibus
995 2275 1107 2387 ipsu?
1140 2338 1143 2345 .

140 2391 271 2467 Bonos
283 2381 480 2495 malosque
498 2382 579 2466 sole
595 2383 666 2494 qui
680 2384 843 2471 illustrat
857 2383 938 2468 suo.
1109 2486 1112 2493 Ι

84 2495 181 2597 Dic,
201 2491 270 2577 sub
283 2492 463 2601 adulterii
478 2493 601 2591 titulo
616 2521 702 2604 quae
715 2494 828 2602 culpa
837 2502 1027 2605 notetur?

141 2609 328 2713 Qtaequae
350 2603 481 2717 jugale
491 2600 628 2687 ¹fotdus
643 2604 795 2686 excedit
817 2613 956 2693 venus„
1000 2656 1002 2660 ·
1099 2602 1102 2610 ’

88 2717 153 2800 An
173 2713 259 2801 satis
283 2715 336 2796 est
353 2713 524 2821 Christo,
549 2712 698 2796 {atium
715 2714 741 2796 fi
760 2715 838 2827 tale
854 2723 1040 2799 cavetur?
1161 2728 1164 2733 ’

144 2833 196 2906 Et
223 2823 299 2929 ori,
326 2836 363 2909 ὅ(
385 2823 508 2906 oculis
531 2822 743 2933 imperatur
758 2822 918 2908 castitas.
1146 2828 1153 2835 “

92 2934 275 3043 Conjugii
289 2926 432 3017 melior
442 2932 521 3017 sors
542 2933 611 3034 est,
637 2961 685 3013 an
707 2934 848 3017 caelibis
861 2935 964 3018 aevi?

143 3049 316 3163 Innupta
334 3042 530 3129 Christum
554 3042 634 3125 vita
656 3041 815 3131 liberius*
836 3044 942 3127 colit.

91 3151 362 3235 Offenduntne
378 3157 508 3237 Deum
527 3150 674 3236 socialis
687 3151 837 3235 foedera
853 3153 973 3251 terti?

143 3261 254 3366 Quin
270 3259 350 3369 ipse
364 3261 523 3344 thalami
539 3262 625 3372 jura
647 3260 808 3346 sacravit
826 3264 944 3345 Deus.
1168 3267 1173 3275 '

89 3373 155 3454 An
168 3373 368 3455 contracta
381 3369 494 3455 semel
506 3373 660 3480 poffunt
672 3372 867 3483 connubia
881 3369 1009 3456 solvi?

135 3480 334 3564 'Deserere
348 3480 479 3589 stupro
490 3510 629 3589 corpus
644 3478 832 3567 intantum
847 3479 964 3565 nefas.

43 3668 46 3676 .
91 3593 254 3696 Quoto
270 3589 390 3701 igitur
405 3591 542 3697 potior
562 3592 722 3675 thalami
741 3591 817 3674 fin‘e
833 3587 984 3677 foedere
1006 3590 1108 3677 vita?
1161 3650 1163 3655 ,

147 3701 314 3807 Imperia
332 3700 449 3785 Sexus
466 3701 618 3784 vincere
643 3700 747 3782 haud
770 3698 891 3786 cuivis
907 3701 1052 3786 datum.
1128 3726 1132 3731 ·

93 3813 157 3893 An
172 3810 285 3915 nihil,
297 3811 400 3893 unde
414 3808 550 3894 habeas
566 3807 699 3914 refert,
725 3796 843 3921 sed'o⁸
892 3834 969 3897 rtet
984 3812 1171 3917 habere?¹

148 3920 230 4031 Qui
251 3920 361 4033 parat'
377 3947 563 4034 opes-non
581 3920 683 4047 jure,
709 3843 1028 4050 furti-„galiffa

1084 4036 1203 4138 Euroo
