2588 4448
257 131 531 234 Sermonem
544 124 753 232 Domini.
790 124 946 232 Matr.
965 165 1006 254 5.
1083 164 1176 264 191

78 281 182 364 dacii
208 279 410 390 aliquoties
434 278 628 365 reddidit=
666 279 768 363 unde
796 304 956 392 apparet
983 285 1182 370 nonsatis

80 413 229 474 certam
256 391 330 472 effe
349 417 494 473 eorum
522 389 749 474 sententiam
777 392 847 499 qui
863 393 1181 504 dietisDecalogi

82 499 211 583 verbis
222 496 371 582 dired'oe
385 519 524 605 putant
536 500 657 584 vetari
668 498 886 607 juramenta
897 505 951 583 ob
960 501 1085 586 causas
1097 532 1181 587 non

80 608 173 692 satis
188 634 335 717 graves.
361 613 479 711 Nam,
493 631 537 690 ut
548 608 670 690 modo
686 605 782 711 dixi,
795 611 1015 722 Decalogus
1034 607 1181 694 summa

77 739 238 909 pelcmta
266 716 467 820 nominat,
501 740 637 801 caetera
664 712 721 798 'ex
748 738 878 800 mente
901 718 1072 804 auctoris
1095 722 1180 808 vult

77 826 231 910 colii.

134 855 307 1043 Aagvffio'otr
323 930 361 1017 δὲ
372 934 419 1044 τῷ
434 933 546 1046 dep
565 937 626 1022 τὲς
645 937 739 1051 ‘o'gmm
756 970 811 1022 or·
835 936 956 1020 reddes
975 957 1091 1019 aorem
1105 941 1177 1019 Do·

79 1041 175 1126 mim
198 1041 397 1154 ymammta
419 1048 528 1151 tuaz]
557 1046 758 1155 Exposttio
775 1050 830 1130 est
848 1048 927 1155 ejus
949 1048 1056 1157 quod
1079 1075 1177 1156 prae-

82 1152 208 1240 certe:
237 1180 327 1236 nam
344 1152 412 1262 qui
424 1154 527 1237 nolit
538 1155 719 1261 pe'erare,
736 1183 824 1254 eum
843 1176 1001 1263 oportet
1017 1156 1179 1265 implere

83 1262 199 1345 fidem
224 1260 481 1371 jurisjurandi.
519 1182 598 1345 sed
612 1276 649 1350 ὅ(
672 1267 788 1348 verba
807 1291 930 1373 prope
956 1265 1088 1348 eadem
1110 1291 1179 1348 ex·

83 1374 185 1456 stant
196 1376 360 1456 Numer.
379 1399 437 1468 30.
449 1404 482 1452 2·
499 1378 642 1457 Vocem
655 1372 840 1473 &mmmm
856 1371 1021 1456 reddendi
1038 1371 1177 1457 eodem

80 1478 193 1565 sensu
221 1479 271 1562 de
293 1500 391 1564 voto
406 1479 561 1587 usurpat
582 1481 766 1564 Aristides
789 1482 856 1564 ubi
882 1483 965 1586 ait,
1006 1484 1050 1565 Si
1070 1501 1178 1563 torum

73 1587 229 1700 persolvi
248 1607 407 1699 nequeat,
430 1610 520 1671 certe
536 1607 675 1697 partem
690 1589 966 1700 persolvendam:
993 1596 1017 1673 ἐ
1040 1590 1099 1697 adp
1125 1592 1178 1672 ἐκ·

87 1700 219 1785 tempto
244 1694 320 1781 ἐὸἒν
349 1697 482 1792 εὐκΊῶὄν
507 1713 614 1803 φασιν,
642 1696 731 1780 dmm
755 1703 816 1782 πεῖν
843 1704 922 1784 buit
946 1697 1179 1798 ἵσωᾶἅὸόρᾶμον

84 1807 209 1917 κρεῖθον
230 1796 248 1900 ἢ
266 1803 423 1909 mmm}
435 1805 605 1914 tempto·
633 1805 745 1889 Nihil
760 1808 1115 1914 omittmdrmairnt,
1133 1808 1178 1890 de

82 1926 123 2001 eo'
144 1913 241 2028 quod
256 1918 333 2026 quis
358 1914 512 2025 voveritt
542 1914 608 2022 led
628 1913 769 2026 quidvis
795 1917 968 2000 redditum
988 1917 1178 2026 meltusrst

82 2027 352 2147 qmmfitomm
365 2026 558 2106 omittatur.
596 2029 684 2107 Deo
697 2047 823 2108 autem
844 2027 1014 2134 persolvi
1036 2027 1179 2109 dicitur

86 2133 253 2245 td‘quod
268 2134 436 2243 juratum
451 2135 517 2236 est,
543 2131 634 2243 quia
645 2135 761 2216 etiam
783 2139 851 2257 qui
865 2134 1017 2218 homini
1031 2133 1179 2244 aliquid

86 2244 286 2352 promittit
307 2249 435 2328 Deum
465 2243 595 2324 testem
621 2253 658 2328 &
679 2244 848 2353 perfidtae
868 2245 1035 2327 ultorem
1064 2244 1180 2330 invo-

86 2379 188 2456 cans,
214 2352 322 2436 timul
346 2357 436 2435 Deo
460 2349 497 2431 se
517 2351 679 2459 obligat.
736 2354 833 2438 ldeo
860 2354 970 2436 dieto
986 2359 1181 2438 Numero·

85 2489 172 2545 rum
194 2460 286 2544 loco
306 2459 507 2571 conjunxit
530 2459 658 2542 Moses
682 2469 879 2550 Votum&
906 2463 1180 2573 jusjurandum.

84 2576 261 2682 Apparet
283 2569 373 2652 hinc
399 2567 556 2676 proprie
579 2567 772 2652 Christum
796 2570 873 2654 hoc
895 2573 985 2656 loco
997 2597 1109 2678 agere
1128 2570 1181 2651 de
1242 2570 1253 2599 ⁵

79 2687 312 2794 Juramento
339 2677 446 2788 quod
473 2678 758 2761 Promifforium
791 2681 943 2764 dicitur.
997 2686 1099 2763 Nam
1129 2677 1190 2761 de'
1244 2769 1248 2780 ,

78 2787 340 2902 jurejurando
353 2787 621 2875 Testimoniali
645 2789 766 2870 exstat
779 2791 941 2871 alterum
953 2788 1070 2871 Mofis
1083 2815 1180 2895 prae·
1248 2796 1250 2799 ’

86 2916 264 3006 ceptum:
291 2923 522 3004 quamquam
537 2923 668 2978 verum
691 2894 744 2978 est
756 2926 841 3004 quae
854 2899 902 2980 de
917 2897 986 2978 illo
999 2896 1180 2978 dicuntur

85 3009 205 3089 etiam
229 3006 278 3089 ad
294 3005 392 3089 istud
418 3032 467 3087 ex
492 3003 657 3112 paritate
672 3006 834 3088 rationis
851 3006 953 3088 intra
981 3025 1104 3087 certos
1131 3005 1180 3085 ti-

87 3114 202 3199 mites
222 3115 379 3225 &poffe
399 3128 434 3199 ἂ
458 3114 595 3196 debere
622 3115 757 3222 aptari.
798 3115 867 3202 Vir
891 3117 1014 3197 bonus
1030 3111 1179 3201 Psalmo

88 3255 151 3322 15.
169 3222 272 3306 inter
285 3225 361 3307 alia
385 3224 456 3310 hac
470 3225 565 3325 nota
575 3222 810 3331 depingitur,
836 3218 1179 3345 Qodjuratmalr'·

84 3332 187 3443 quid,
199 3334 305 3415 etiam
319 3331 535 3415 rum'damno
549 3335 606 3439 sm
630 3331 672 3412 id
681 3332 828 3443 prestet.
872 3340 1069 3438 Saptenter
1084 3338 1182 3414 &Se-

64 3534 66 3543 ,
86 3447 180 3526 neca
193 3458 371 3526 notatum
385 3443 439 3529 est
456 3442 629 3552 quaedam
645 3468 724 3522 non
747 3446 851 3526 reete
863 3439 967 3525 fasta
983 3464 1091 3524 extra
1104 3440 1182 3525 fori
1236 3478 1238 3483 ·

64 3551 354 3742 *pognitionem
370 3549 731 3659 poni-‘debere,quo
756 3551 874 3659 magis
896 3551 935 3633 in
954 3549 1183 3634 voluntariis

113 3660 467 3748 trionibusetuceat
481 3659 668 3741 virtutum
684 3660 944 3768 vitiorumque
957 3657 1181 3749 discriment

70 3766 204 3880 'atque
233 3771 322 3851 ideo
350 3779 389 3850 in
414 3769 582 3876 ingratos
609 3769 752 3849 nullam
770 3767 870 3875 apud
891 3770 1090 3959 plerospue
1112 3799 1183 3877 po·

85 3883 200 3987 'pulos
216 3877 560 3987 proatrtttionem.
587 3878 700 3958 -Plato
710 3882 771 3958 De
782 3879 952 3985 Legibus
963 3909 1016 3962 un
1043 3880 1184 3972 ecimo,

64 3988 65 3992 ‘
89 3989 289 4075 venditori
310 3988 378 4100 qui
413 3986 462 4072 de
488 3986 545 4070 rei
570 3985 735 4082 venditae
760 3989 888 4098 pretio
919 3989 961 4072 in
993 3990 1182 4110 crepitum
1285 3990 1289 3997 ’

1055 4117 1187 4197 tvettt,
