2588 4448
94 176 196 281 208
417 168 774 275 Adnotationet
798 174 873 272 ad

91 324 234 449 sormi,
250 321 458 433 modoque.
512 321 584 406 Sed
603 325 642 404 ei
658 322 853 411 sententia
863 321 1072 410 consensus
1087 330 1180 411 Gen·

92 456 193 525 mm
216 461 286 542 rep
341 455 418 518 nat.
475 440 617 519 Verum
641 432 730 516 sane
753 433 807 515 est
829 433 1039 542 fimplicem
1054 437 1183 519 affeve

91 546 285 629 rationem
365 572 414 624 eo
427 542 534 651 quod
547 543 633 651 quis
643 540 813 627 famarm
823 543 868 626 stt
882 544 1025 626 debete
1035 545 1184 655 quidem

91 680 142 739 ex
161 653 355 737 eoanimo
406 649 564 734 toficisci
589 653 753 761 quitum
772 652 1012 761 temporisid
1029 655 1126 739 velit
1135 652 1183 737 fa·

92 789 177 844 cere
190 760 295 871 quod
310 757 348 841 se
369 681 561 843 didiumm
579 761 697 864 dicat,-
718 783 758 843 at
774 791 855 845 non
877 760 970 844 item
993 790 1045 844 ex
1067 790 1117 846 eo
1135 784 1183 844 te-

92 871 178 954 neri
192 898 293 976 eum,
320 870 388 977 qui
401 870 509 974 dicit,
536 870 577 950 in
596 868 794 979 proposito
807 870 1078 979 perseveram
1101 872 1203 982 quia'

91 977 459 1065 voluntass'humana
475 980 591 1060 habet
598 982 657 1091 jue
672 981 735 1063 sua
746 979 904 1063 decreta
917 982 1109 1087 metandi,
1126 1008 1182 1063 ne·

92 1116 171 1199 que
189 1088 231 1172 id
254 1089 314 1198 jus
333 1086 417 1172 solo
432 1086 488 1169 sui
512 1086 686 1196 resped'tu
699 1088 767 1170 fibi
780 1086 905 1197 potest
918 1087 1084 1171 auferte
1103 1100 1106 1107 '
1137 1094 1184 1171 At

92 1198 136 1283 in
157 1197 406 1309 prom-iffione
425 1199 512 1307 plus
527 1200 607 1278 est=
644 1199 774 1280 Habet
800 1198 904 1301 enim
927 1198 1127 1304 promiffio
1148 1198 1185 1281 st·

93 1309 280 1418 muljurie
294 1306 589 1406 transsationem,
618 1305 709 1389 ficut
722 1309 825 1389 enim
839 1308 1029 1390 dominus·
1042 1309 1098 1391 rei
1110 1324 1185 1391 c'or-

95 1418 239 1525 porelis
256 1444 340 1499 eam
361 1419 484 1523 potest
505 1417 544 1495 in
566 1416 681 1496 alium
705 1414 908 1497 transferre
928 1416 1043 1524 signo
1065 1416 1185 1525 aliquo

94 1525 328 1609 veluntatis:
353 1528 408 1605 ita
431 1525 547 1606 etiam
565 1527 625 1635 jus
646 1523 767 1632 ipsum
786 1527 892 1633 quod
907 1529 995 1633 quie
1009 1524 1182 1608 habet'ad

94 1631 182 1718 suot
196 1638 305 1718 aetus
323 1654 391 1715 aut
416 1660 486 1737 res,
515 1635 640 1741 potest
663 1662 703 1716 m
728 1634 891 1716 alterum
911 1632 1126 1739 transferri,
1147 1632 1188 1714 in

95 1742 259 1826 sslidum
279 1765 348 1825 eut
369 1770 441 1849 pro
467 1765 575 1850 parte
596 1741 763 1825 definite.
805 1752 856 1827 Et
879 1744 972 1851 quia
995 1744 1068 1825 teli
1087 1742 1187 1835 fidto

93 1850 155 1960 jus
169 1851 327 1961 aliquod
342 1852 382 1931 in
397 1853 559 1943 alterum
579 1852 722 1954 transit,
749 1852 839 1933 ideo
853 1851 1035 1935 voluntas
1050 1853 1123 1958 jam
1135 1851 1187 1930 ui-

95 1980 157 2043 tra
180 1957 218 2041 se
241 1960 397 2043 honeste
411 1982 569 2042 :mutare
588 1988 669 2042 non
689 1963 832 2068 potest,
859 1961 950 2067 quia
976 1980 1097 2045 nemo
1118 1960 1184 2041 ho·

96 2069 413 2177 nestepotestaut
427 2067 884 2153 velteautfacerecontra
896 2070 954 2177 jus
967 2070 1185 2177 alterique·

95 2176 221 2260 fitam.
278 2181 382 2262 Hinc
403 2199 583 2262 votorum
599 2204 685 2285 quae
702 2184 790 2261 Deo
810 2178 908 2259 fiunt
932 2189 970 2262 ὃ(
986 2176 1187 2287 promiffo-

96 2310 184 2368 tem
198 2287 300 2368 inter
315 2287 489 2369 homines
505 2286 560 2369 vis
574 2287 712 2370 oritur.
767 2286 839 2368 Sed
860 2306 905 2367 ut
918 2293 1014 2396 Jure
1034 2292 1189 2371 Nature

99 2394 229 2477 valeat
252 2395 475 2496 Promiffio‚
514 2395 589 2477 tria
618 2394 706 2477 sunt
728 2395 950 2479 necessaria:
987 2422 1129 2505 nempe
1150 2414 1190 2474 ut

96 2502 165 2613 qui
188 2502 386 2610 promittit
410 2504 458 2586 ad
486 2503 789 2611 promittendum
813 2504 857 2585 fit
885 2501 1064 2608 idoneus,
1089 2516 1123 2590 δι
1145 2520 1189 2581 ut

96 2638 156 2696 ree
179 2609 259 2720 ipsa
284 2611 453 2720 promiffi
467 2612 512 2697 stt
533 2640 663 2719 capax,
689 2612 829 2697 deinde
843 2635 958 2693 utres
971 2613 1186 2721 poffitptae·

94 2721 229 2803 statie
255 2721 519 2831 promittente.
575 2721 701 2804 Prima
723 2720 1117 2808 conditiod'efic'itin
1132 2719 1190 2802 his

96 2829 166 2939 qui
183 2831 343 2917 rationis
365 2829 473 2912 usum
490 2858 569 2913 non
586 2831 750 2917 habent:
780 2830 943 2913 Nullum
966 2831 1077 2912 enim
1096 2829 1190 2913 veile

96 2938 171 3022 effe
184 2941 311 3049 potest
326 2937 403 3022 stne
419 2939 642 3023 intellectu:
674 2939 766 3020 ldeo
793 2936 1000 3021 infantium
1018 2950 1056 3024 dt
1072 2936 1189 3022 furio·

96 3046 224 3131 sotum
249 3050 366 3131 verba
387 3078 466 3132 non
499 3050 644 3130 habent
664 3047 834 3155 promiffi
854 3046 1078 3155 efficacimn.
1131 3055 1189 3131 Se·

95 3158 220 3240 cunda
240 3157 369 3240 deficit
394 3157 436 3238 in
458 3159 570 3241 rebus
585 3185 671 3266 quae
695 3176 762 3238 aut
779 3183 848 3263 per
864 3182 991 3264 rerum
1015 3179 1189 3259 naturam

96 3264 180 3347 fieri
205 3293 286 3348 non
311 3266 477 3376 poliunt,
505 3287 550 3347 ut
570 3266 717 3347 coelum
733 3262 867 3373 digito
895 3264 1105 3375 attingat,
1127 3282 1187 3346 aut

95 3401 182 3482 quae
213 3402 281 3482 per
310 3373 347 3455 se
375 3374 463 3463 sunt
483 3373 702 3475 inhonesta,
725 3373 840 3481 quale
867 3394 949 3455 eret
969 3372 1186 3487 Johennem

96 3485 301 3590 Baptistam
324 3485 570 3566 innocentem
591 3495 626 3568 δι
644 3479 723 3565 Dei
732 3481 970 3591 -Pnophetam
992 3483 1189 3573 occidere:

96 3591 216 3691 Quod
234 3593 337 3673 enim
349 3591 475 3674 facere
492 3618 573 3675 non
592 3591 705 3693 licet„
722 3588 826 3672 idne
837 3591 1018 3697 promitti
1028 3593 1189 3703 quidem

96 3698 223 3781 valide
235 3701 372 3806 potest,
386 3699 683 3807 cum-promiffio
696 3699 744 3779 ad
759 3697 905 3781 sedium
920 3700 1069 3793 tendet:
1097 3702 1191 3783 Ter·

96 3807 151 3890 tia
166 3807 345 3889 conditio
366 3809 597 3901 defidetatur
619 3807 769 3917 quoties
790 3810 897 3890 adius
915 3808 1190 3918 quipromitti·

97 3938 161 4000 tur
176 3945 265 4005 non
288 3918 342 3998 est
365 3916 406 3998 in
429 3917 804 4027 jure-promittendo
819 3936 875 3997 ιιι
900 3916 927 3998 fi
954 3915 1085 4001 semus
1111 3944 1188 3999 non

97 4025 260 4111 domino
285 4051 427 4137 operes
455 4026 694 4137 promittat-2·
720 4030 824 4115 Nam
845 4052 943 4110 cum·
964 4026 1189 4137 promiffum

259 4163 285 4239 4
1042 4154 1192 4220 emanet
