2588 4448
244 171 518 297 Sermonem
535 166 746 271 Domini.
764 165 1018 280 mmet„
1065 191 1168 297 277

65 320 184 404 viiie
203 323 437 432 appellatio:
470 320 765 431 comprehendit
785 321 889 405 enim
917 348 963 404 ea
991 347 1064 430 que
1083 321 1171 430 'esrai²

56 433 174 540 potui,
193 433 364 542 vultuique
385 433 541 542 corporei,
561 459 697 541 queque
709 430 762 511 ad
777 429 961 513 vivendum
976 427 1170 514 bominibus

62 540 143 644 fient
156 541 357 646 necessaria,
382 559 428 622 ut
441 540 602 624 tradidit
620 541 830 649 Ulpianus.
881 545 977 623 Haec
1000 535 1081 621 sola
1095 569 1169 623 no·

67 649 126 730 bia
152 649 195 731 in
213 654 336 733 Novo
356 649 502 733 Federe
522 655 630 733 Deus
643 650 852 757 promittit,
878 650 961 732 haec
986 644 1065 732 sola
1082 648 1170 735 vult
1270 753 1271 759 Ν

67 759 90 835 i
116 759 229 841 nobis
249 759 446 867 postulari,
477 784 602 867 neque
623 759 663 840 in
686 758 929 861 anteceffum‚
952 754 1019 839 sed
1043 783 1169 867 quan·

67 886 151 947 tum
173 865 217 948 in
239 866 399 977 praeseru
420 865 477 950 sat
500 869 554 949 est
566 904 579 958 ;
605 894 691 948 cum
712 865 1021 982 contraJudaeia
1040 865 1169 976 Magi·
1268 954 1272 966 ,

65 970 654 1085 strissuisdidiciffentmagnam
671 974 738 1058 fibi
751 977 991 1086 opulentiam
1004 975 1168 1081 precari.

66 1081 201 1167 Sensus
222 1111 317 1195 ergo
342 1086 483 1170 horum
499 1088 703 1170 verborum
730 1084 796 1171 est.
834 1090 898 1169 Da
923 1084 1035 1167 nobis
1057 1090 1169 1169 Deus

65 1193 216 1276 viuum
241 1194 310 1304 qui
329 1196 434 1278 aetati
459 1194 501 1276 in
521 1197 714 1302 posterum
739 1194 896 1304 agendae
918 1191 1099 1276 sufficiat:
1126 1205 1166 1281 &

62 1299 188 1384 finon
213 1305 361 1413 placeat
384 1304 475 1387 dare
493 1331 632 1405 annua,
658 1301 707 1384 da
731 1307 934 1407 menstrua,
959 1301 1008 1386 da
1031 1297 1167 1386 saltem

64 1408 226 1533 diurna:
261 1413 445 1523 quicquid
471 1412 572 1495 ultra
597 1412 779 1518 dabitur,
818 1413 859 1498 iil
887 1410 964 1495 erit
991 1408 1167 1497 adventi·
1263 1500 1265 1507 Α

63 1539 179 1603 trum.
1263 1523 1267 1548 ¹

122 1659 182 1711 12.
201 1622 309 1735 *Aper
328 1633 400 1738 ipit
425 1630 466 1711 rai
484 1622 685 1738 ὀφιιλῆμιιῇ
707 1628 801 1737 ἦμιῗν,
829 1628 968 1713 dimitte
992 1625 1085 1710 nuit}
1103 1626 1165 1710 de·
1266 1663 1269 1671 ’

66 1733 287 1846 hitanostra]
315 1739 420 1848 Sicut
433 1742 559 1823 Graeci
573 1742 710 1824 dicunt
733 1733 872 1847 ὅφιίλᾶι
889 1735 997 1826 rum,
1024 1737 1165 1822 Latini

57 1861 176 1954 perae
187 1845 331 1928 debere:
358 1848 413 1932 ita
427 1850 597 1932 Hebraeis
621 1863 714 1951 2117,
739 1850 845 1957 quod
854 1846 1039 1930 debitorem
1050 1847 1167 1957 figni-

63 1954 168 2058 ficat,
193 1955 309 2039 etiam
322 1956 372 2040 de
389 1957 449 2041 his
463 1960 530 2068 qui
547 1983 676 2066 poenae
693 1957 868 2041 obstriui
886 1954 973 2053 sunt
989 1953 1165 2065 usurpari

63 2060 176 2165 solet,
199 2083 244 2146 ut
265 2069 368 2148 Dan.
384 2099 418 2147 1.
435 2098 492 2146 10.
530 2064 805 2169 Tertullianus,
831 2064 993 2146 Debitum
1012 2070 1051 2143 e'n
1069 2063 1167 2145 Scri·

55 2175 171 2279 peremi
183 2170 299 2255 deliro
313 2174 431 2284 figura
453 2174 511 2282 est,
537 2175 631 2286 quod
638 2172 784 2286 perinde
799 2174 937 2280 ericio
955 2169 1116 2253 debeatur
1129 2179 1166 2255 ὅ

62 2278 108 2359 ab
130 2311 169 2361 ιι
188 2281 358 2392 exigatur.
419 2283 539 2393 Qud
554 2313 648 2394 ergo
667 2283 732 2365 hic
751 2292 943 2391 Interpres
966 2279 1053 2362 mai
1078 2277 1166 2386 λέξιν

62 2387 274 2472 verbotenus
292 2393 482 2502 expreffit‚
509 2393 548 2476 id
565 2392 791 2502 Ειληνικῶπριν
815 2393 927 2502 magis
947 2393 1063 2474 Graece
1078 2391 1166 2480 red·

62 2496 165 2582 didit
181 2507 305 2584 Lucas
326 2529 413 2584 curn
437 2499 567 2612 posuit
587 2500 744 2610 epepeiee
761 2519 918 2611 peccata.
974 2505 1035 2586 Sic
1059 2500 1164 2585 idem

60 2612 187 2691 Lucas
212 2609 255 2690 in
280 2609 416 2694 eodem
443 2607 562 2711 sensu,
589 2637 675 2693 cum
705 2608 811 2719 prius
834 2609 986 2693 dixiffet
1008 2615 1164 2718 apepross

62 2713 130 2801 >ire
146 2733 340 2826 peccatores
360 2747 453 2802 mox
475 2719 605 2829 posuit
627 2718 794 2825 ὀφειλέτις
815 2717 981 2800 debitores
1002 2749 1019 2798 1
1030 2746 1062 2816 3.
1079 2749 1115 2823 2,
1125 2744 1164 2821 4.

60 2823 190 2930 ἀφιέναι
205 2847 334 2911 autem
360 2821 519 2936 &papiae
541 2827 716 2909 dimittere
731 2849 859 2911 autem
876 2844 1023 2938 peccota
1035 2853 1162 2938 oppo-

62 2934 171 3016 nitur
186 2934 372 3043 riiregerir
386 2939 419 3018 ei
432 2936 526 3048 quod
540 2936 753 3046 estretinere.
793 2939 860 3022 Est
870 2957 998 3018 autem
1016 2955 1166 3041 utrumg

60 3069 137 3151 que
157 3041 306 3129 diuum
322 3045 371 3128 de
383 3050 475 3131 Deo
487 3047 558 3131 ἀνθ
574 3045 759 3130 amanlis
779 3074 869 3127 more
882 3042 1041 3148 bamam,
1067 3042 1165 3153 quia?

60 3151 289 3239 hominesea
303 3182 391 3264 quae
400 3156 503 3266 boni
518 3081 592 3237 fiale
604 3153 839 3272 condonant,
852 3152 956 3265 quafi
967 3181 1015 3237 ex
1029 3155 1162 3250 animo

60 3259 295 3369 projiciunta
322 3271 409 3372 quae
429 3263 650 3347 condonare
679 3263 834 3368 nolunt,
859 3262 1061 3353 affervant.
1106 3263 1164 3346 Sia

60 3370 169 3454 milia
185 3371 272 3455 sunt
287 3398 355 3453 nm
368 3373 552 3478 meminiffe
568 3371 775 3478 delirorum,
794 3380 938 3488 Jerem.
959 3401 1017 3472 31.
1039 3396 1097 3471 34.
1125 3384 1164 3466 ὅς

62 3479 99 3558 ia
120 3506 218 3560 mare
236 3479 367 3570 deride
375 3479 557 3595 projicere,
584 3481 705 3566 Mich.
721 3510 756 3572 7.
778 3510 835 3582 ¹9·
876 3481 937 3564 Sic
960 3479 1077 3574 etiam
1102 3481 1163 3563 ιιι,

62 3607 120 3670 ter
144 3586 192 3684 sel
209 3612 468 3700 opponuntur
490 3588 682 3699 >restrum
705 3588 894 3671 cordonare
918 3602 955 3676 ὅ(
986 3587 1163 3696 armisoni

58 3699 243 3808 imputare,
268 3696 333 3782 sed
355 3699 522 3807 apertius
540 3697 655 3781 dueta
681 3698 887 3781 tralatione
903 3705 924 3780 a
938 3697 1080 3782 debitis
1095 3727 1163 3807 pe-

58 3806 251 3892 cuniariis.
280 3811 430 3893 Servius
446 3811 492 3892 ad
517 3840 575 3888 11.
594 3807 788 3912 AEneidou
811 3805 1162 3931 Loistisupplr'cium:
1261 3845 1265 3904 ,ι

55 3915 152 4021 Jrrri
166 3913 266 3996 verbo
288 3916 362 4023 usur
379 3915 436 4028 ιβ.
473 3922 586 3999 Laere
604 3916 695 3997 enim
715 3914 845 3998 debitor
864 3917 1007 4019 dicetur,
1026 3917 1087 4026 qui
1095 3933 1176 4026 pes
1261 3920 1265 4005 ἶ

58 4022 197 4107 curiam
215 4027 338 4133 firlvr'ts
366 4025 459 4138 qaod
477 4025 533 4112 m
557 4024 750 4137 asrrrpatem
767 4025 813 4140 ιβ
832 4025 870 4110 ier
890 4027 1072 4137 capitalem
1088 4041 1162 4133 pe·
1260 4013 1266 4110 l

90 4178 96 4185 “
168 4208 173 4215 .
218 4172 225 4187 ²
1060 4159 1159 4223 mm·
