2588 4448
100 98 193 226 138
418 89 771 197 Adnotationes
798 91 873 191 ad

93 277 144 332 ne
165 274 276 357 aequo
298 246 451 331 diutius.
495 244 684 330 Adversus
707 247 875 354 priorem
900 265 1047 352 partem
1069 246 1172 356 hujus

93 357 282 440 cautionis
298 359 527 467 delinquunt
540 365 565 436 οἱ
580 355 659 442 r'wi
671 355 785 464 μικρῶν
797 353 1035 462 ἁμαρτημάτων
1045 362 1170 468 ἀνυπερ-

93 465 226 557 saites
256 466 455 574 ippsspipm
483 466 544 575 qui
565 462 603 544 od
629 464 763 546 modica
781 461 904 544 delitsa
916 467 1027 574 supra
1045 462 1176 545 modum

94 573 301 681 irascuntur,
333 574 415 683 qui,
442 594 486 654 ut
511 574 637 656 aiebat
659 570 912 680 Philosophus
935 573 1177 680 Apollonius,

93 711 174 767 non
200 683 430 790 permittunt
453 682 760 793 delinquentibus
789 679 883 764 scire
912 681 1070 790 quando
1098 682 1176 789 plus

92 788 268 875 minusve
296 791 541 900 deliquerint.
596 801 642 875 ln
669 789 826 872 alteram
855 811 1001 896 partem
1023 812 1176 898 peccant

94 899 166 1003 illi,
192 899 261 1008 qui
280 900 486 1007 plumbeas,
511 910 561 1002 ἃ,
580 897 686 1008 quod
711 899 789 983 dici
811 896 921 1003 solet,
947 898 1178 983 immortales

92 1010 167 1096 iras
181 1029 333 1117 gerunt,
358 1037 456 1118 quos
479 1009 641 1092 Asianus
665 1026 864 1115 comparat
892 1009 954 1090 nic
977 1005 1098 1091 λετῆὦς
1121 1044 1175 1109 sv-

94 1114 205 1225 pisiam
225 1116 372 1199 tenuiter
384 1115 624 1223 fibrientidat.
678 1122 773 1198 Haec
796 1115 850 1197 est
872 1114 1054 1197 nimirum
1072 1116 1175 1198 radix

93 1226 162 1309 illa
187 1220 324 1324 medae
343 1225 516 1306 amaritia
538 1224 579 1306 in
593 1223 710 1306 corde
730 1222 958 1333 germinans,
984 1252 1100 1333 quam
1124 1252 1177 1308 ca·

94 1334 178 1415 veri
192 1332 551 1442 praecipitScriptor
571 1332 618 1415 ad
634 1332 818 1416 Hebraeos
832 1363 888 1412 12.
907 1362 964 1428 15.
986 1360 1070 1440 quo
1084 1345 1123 1420 ἁ
1138 1334 1178 1415 il-

53 1496 59 1510 ι
94 1442 163 1527 lud
178 1443 283 1525 Pauli
299 1441 492 1523 monitum
508 1441 690 1549 pertinet,
715 1468 801 1522 cum
816 1468 887 1522 nos
903 1441 956 1523 ita
970 1444 1058 1524 vult
1075 1440 1178 1524 irasci

94 1572 141 1633 ut
155 1578 203 1632 ne
216 1575 423 1657 peccemus,
448 1549 489 1630 id
499 1552 565 1654 eil,
591 1575 640 1631 ne
657 1576 689 1629 ae
717 1549 924 1631 uimodum
947 1549 1178 1657 excedamus,

95 1657 202 1771 quod
222 1656 300 1765 ipse
321 1656 376 1740 ita
398 1659 577 1766 explicat,
602 1683 652 1740 nc
667 1575 715 1739 ad
737 1657 834 1740 Solis
856 1657 1028 1740 occasum
1041 1659 1178 1768 produ-

95 1794 222 1851 camus
243 1766 353 1867 iram,
366 1765 505 1874 Ephes.
522 1796 560 1866 4.
576 1787 636 1849 26.
677 1773 729 1848 Et
743 1766 823 1848 hate
844 1765 946 1850 dista
968 1765 1085 1851 sunto
1103 1797 1180 1877 quo

95 1873 237 1960 cestius
260 1872 498 1983 intelligatur
519 1875 574 1959 vis
595 1873 698 1956 vocis
713 1873 788 1977 εἰκῆ,
841 1903 927 1957 uam
945 1876 1101 1986 quidem
1114 1888 1181 1981 Sy·

95 2011 159 2067 rus
178 1983 364 2090 interpres
385 2004 462 2064 tam
477 1981 672 2093 propriam
688 2004 803 2091 atque
812 1903 1086 2174 spnificantem
1106 1987 1181 2069 hoc

95 2095 186 2177 loco
197 2089 440 2194 existimavit,
454 2114 499 2172 ut
511 2090 677 2173 retinere
687 2117 769 2172 eam
784 2119 844 2173 ma
861 2092 960 2175 uerit
972 2122 1087 2204 quam
1101 2121 1183 2181 ver·

95 2223 190 2284 tere.
242 2200 462 2304 Qtominus
480 2198 732 2283 accedendum
748 2201 988 2307 Hieronymo
1005 2203 1105 2288 ltaue
1116 2233 1184 2289 vo·

95 2335 177 2392 cem
191 2307 363 2391 eradenti
379 2335 427 2389 ex
441 2306 681 2417 quorundam
694 2309 965 2418 exemplarium
978 2310 1067 2415 fide,
1087 2340 1184 2421 prac-

95 2415 224 2501 sertim
243 2442 329 2498 cum
351 2426 387 2499 dt
400 2420 557 2499 Graecos
569 2414 796 2524 interpretes
818 2447 900 2500 eam
921 2421 1048 2502 teoiffe
1066 2450 1181 2531 appa·

95 2546 192 2628 reat,
218 2523 440 2638 &Justinus
462 2524 543 2635 ipse
571 2526 626 2607 ita
643 2524 814 2633 proferat
837 2528 935 2610 hanc
955 2485 1180 2613 limentinus

95 2633 269 2743 Epistol&
282 2630 329 2713 ad
355 2639 498 2715 Zenam
521 2645 557 2719 &
572 2642 779 2727 Serenum3
804 2636 994 2722 deinde&
1018 2645 1182 2723 Irenaeus

96 2742 247 2847 duobus
268 2738 363 2823 locis
385 2741 485 2824 libro
498 2742 543 2821 2(
560 2743 686 2849 capite
704 2763 762 2841 56ss
792 2756 827 2828 dt
849 2744 949 2826 libro
966 2775 1002 2843 4.
1025 2775 1107 2854 cap.
1126 2777 1182 2847 31.

96 2854 229 2935 Multo
243 2847 461 2932 credibilius
470 2851 537 2953 est,
558 2850 754 2935 induciam
768 2855 817 2933 ab
828 2853 872 2935 iis
883 2853 950 2960 qui
963 2858 1187 2939 metuebant

64 2988 68 2994 “
96 2989 145 3046 ne
170 2961 242 3043 hic'
263 2957 389 3045 omnis
410 2959 467 3040 ira
495 2986 543 3040 ex
562 2960 660 3069 justi
683 2962 809 3086 aliqud
836 2962 946 3044 causi
971 2965 1183 3069 procedens

96 3068 253 3179 probari
269 3065 476 3173 videretur,
501 3095 588 3150 cum
606 3098 683 3154 vox
704 3069 777 3163 εἰκη,
806 3092 849 3152 ut
867 3070 1043 3176 diximus,
1070 3073 1184 3158 latius

93 3201 235 3288 pateat.
260 3220 279 3263 x

89 3288 91 3292 ’
143 3283 160 3320 ‚s
285 3285 302 3309 Ἰ
386 3288 403 3308 Ν

160 3315 269 3385 Ενσχσς
284 3320 401 3394 sceptu
474 3283 524 3373 'ns‘
553 3313 630 3365 reus
649 3284 912 3398 eritjltdscs02]
940 3288 1181 3399 Leglsperltl,

95 3396 225 3505 inquit
250 3394 432 3495 Christus,
458 3417 503 3473 ea
517 3393 664 3476 tantum
682 3422 757 3501 pro
777 3397 927 3479 delictis
945 3398 1184 3506 habentquae

96 3504 221 3596 solent
237 3504 272 3584 le
300 3500 416 3584 itimis
439 3500 568 3608 poenis
583 3505 770 3586 coerceri:
800 3505 964 3612 ideoque
986 3508 1034 3587 ab
1058 3508 1185 3590 homi·

94 3611 200 3695 cidio
214 3530 421 3692 abserrent
439 3609 626 3715 homines,
651 3612 742 3722 quia
753 3612 963 3698 homicidas
983 3614 1116 3723 gladio
1129 3616 1186 3699 se·

7 3788 11 3799 .
95 3720 168 3801 riri
190 3719 249 3801 lex
272 3718 447 3824 imperat.
502 3725 557 3800 Ac
576 3746 652 3830 ego
675 3720 802 3804 etiam·
824 3722 1057 3806 iracundiam
1091 3728 1189 3809 volo

64 3829 273 3935 caveatis,
299 3845 405 3907 certo
433 3823 592 3933 persuasi
617 3827 656 3910 ei
675 3852 829 3940 quoque
852 3831 1086 3939 propostam
1110 3836 1185 3914 effe

8 3971 9 3974 Ν
89 3962 256 4049 poenam
272 3933 312 4019 in
327 3932 454 4017 leculo
478 3935 613 4044 altero,
638 3965 719 4024 non
742 3941 867 4025 nunus
890 3969 1045 4050 gravem
1067 3968 1181 4052 quam

1133 4076 1184 4134 est
