2588 4448
103 97 104 100 Ὺ
227 162 1025 334 Decaiogipraeceptumsr’ptimum.
1111 202 1179 304 75
1248 84 1255 103 ¹

268 391 631 564 Praeceptum
662 400 999 568 septimum,

437 610 483 689 In
500 605 646 690 Hebraeu
656 614 808 716 sextum.

367 795 596 884 Tnx'rus
650 807 904 894 Hirtius,

524 972 655 1041 :urin
676 937 730 1040 iti

199 1125 319 1202 Vctfio
338 1127 446 1209 LXX·
464 1135 545 1207 Intt
614 1145 617 1148 ’
665 1210 668 1218 ,
772 1135 886 1210 Vettio
907 1134 1059 1235 Vulgata.

90 1244 259 1400 11.οΥ
281 1299 433 1404 φονεόσής.
565 1275 568 1280 ¹
626 1247 1037 1446 113NONocuides.

276 1497 528 1604 Adnotationer
549 1499 601 1581 ud
616 1507 823 1612 Praeceptum
831 1491 1028 1615 sipiimum.

84 1654 142 1729 η.
242 1650 272 1706 r.
293 1629 562 1735 nummi
587 1628 743 1736 acures]
788 1629 892 1714 Male
918 1596 1181 1716 immutemus

250 1739 373 1821 nostri
386 1743 570 1850 temporis
582 1741 757 1849 praeponi
771 1739 862 1821 huic
872 1765 1063 1849 praecepto
1080 1741 1180 1826 illud

85 1835 266 1954 ἐκήψεις
280 1849 449 1932 ostendit
462 1850 587 1947 Philo,
599 1849 1190 1954 ostenditTertullianunostenn,
1281 1862 1292 1883 ⁶

82 1951 184 2036 dunt
197 1951 279 2037 alii.
316 1959 444 2043 Reeoe
457 1960 570 2052 Philo
589 1972 675 2041 eum
692 1959 761 2068 qui
774 1956 1025 2041 homicidium
1043 1984 1184 2067 perpeq.
1214 1964 1217 1971 ’
1245 2011 1267 2017 -

82 2081 160 2145 tret
177 2057 401 2176 sacrilegum
418 2069 491 2150 effe
513 2068 580 2158 ait,
606 2070 712 2177 quod
727 2066 939 2170 hominem,
953 2065 1032 2150 Dei
1046 2069 1119 2149 ima
1141 2068 1180 2148 ‘i-

85 2197 189 2275 nem,
202 2172 348 2256 violet:
376 2176 529 2283 deinde,
544 2203 798 2287 peccareeum
822 2173 1048 2258 atrociffimc
1062 2175 1103 2257 in
1120 2095 1180 2259 io-

47 2382 51 2388 ·
87 2278 262 2365 cietatem
288 2282 338 2366 ad
368 2313 482 2397 quam
506 2287 630 2395 geniti
652 2285 739 2367 sunt
762 2285 950 2384 homines,
976 2309 1063 2393 quae
1085 2312 1179 2369 con‘·

84 2387 209 2472 fistcre
223 2419 305 2473 non
331 2393 443 2501 possit
457 2393 484 2475 fi
499 2395 748 2478 innocentum
770 2384 910 2476 viffin
929 2415 1017 2502 tuto
1030 2393 1178 2480 nonsit.

84 2503 184 2582 Cum
200 2503 475 2608 cognationem
497 2504 689 2613 quandam
707 2504 810 2586 inter
826 2531 895 2584 nos
913 2521 1050 2584 natura
1073 2503 1178 2585 insti-

82 2607 217 2710 tuerit,
243 2608 476 2722 consequens
486 2617 538 2696 est
556 2613 752 2697 hominem
765 2609 916 2693 homini
931 2609 1097 2692 infidiari
1112 2640 1179 2693 ne·

81 2713 136 2800 fas
155 2718 246 2821 effe,
264 2721 321 2802 ait
339 2721 488 2830 optime
510 2721 772 2806 Florentinum
813 2724 919 2799 Tum
938 2747 1033 2802 vero
1049 2718 1179 2803 civiles

83 2826 186 2936 leges
204 2826 330 2912 violat
350 2833 381 2912 is
398 2832 466 2939 qui
490 2831 532 2913 in
554 2830 728 2951 quamvis
750 2848 951 2912 nocentem
968 2827 1036 2910 fibi
1063 2825 1181 2912 sumit

83 2955 212 3044 partes
231 2964 325 3043 quas
360 2939 421 3020 lex
452 2940 580 3048 Judicr
608 2938 799 3021 attribuit.
844 2941 1036 3019 Caeterum
1058 2937 1180 3019 verbo
1255 3002 1256 3005 i

84 3042 213 3150 φονεύειν
227 3043 385 3129 hicnon
400 3049 507 3131 aetus
520 3049 659 3150 omnis,
684 3045 748 3129 sed
761 3046 919 3130 illicitus
935 3043 1180 3154 significatur,

83 3152 149 3264 qui
174 3152 273 3236 sole't
297 3156 371 3237 effe
384 3156 611 3265 fignificatus
636 3158 741 3240 vocis
763 3157 935 3238 Hebraeae
951 3171 1043 3243 nrt.
1082 3153 1179 3239 Ideo

83 3282 305 3370 exemptum
322 3266 377 3347 est
393 3269 442 3347 ab
459 3266 531 3349 hic
545 3268 630 3375 lege
641 3264 748 3375 quod
771 3265 861 3347 vitae
884 3263 1056 3345 tutandae
1068 3264 1181 3373 pudi-

82 3373 236 3456 citiaeve
254 3376 363 3458 causi
377 3375 434 3480 fit,
459 3377 584 3459 Exod.
600 3407 658 3457 22.
673 3406 707 3458 2.
735 3379 852 3457 Deut.
870 3404 929 3453 22.
955 3390 1016 3456 26.
1044 3394 1125 3454 tum
1143 3385 1180 3463 &

82 3483 156 3565 alia
174 3508 262 3590 quae
278 3482 341 3564 lex
368 3482 486 3566 Mofis
508 3484 720 3593 permittit3
748 3504 792 3563 ut
813 3478 1037 3565 interfeetio
1053 3479 1181 3566 solici-

82 3590 200 3672 tantis
212 3589 261 3671 ad
275 3591 367 3675 deos
388 3592 546 3701 ignotos
567 3592 688 3677 cuivis
704 3591 955 3700 permittitur,
978 3595 1098 3675 Dent.
1120 3621 1180 3692 13.

83 3718 121 3802 6,
146 3728 182 3802 7,
200 3713 232 3784 8.
269 3699 502 3785 lnterfcetio
520 3701 725 3784 homicidae
756 3698 995 3810 permittitur
1019 3701 1183 3812 propin-

80 3805 392 3916 quirinterfecri‚
418 3811 445 3894 fi
464 3811 557 3895 dolo
570 3808 767 3894 occiiits‘is
779 3809 824 3894 stt
843 3811 1028 3902 omninor
1051 3810 1088 3927 ii¹
1103 3808 1184 3918 stne

81 3917 192 4021 dolo,
218 3915 483 4027 inrepertum
510 3941 620 4003 extra
650 3916 746 4024 asyli
765 3920 863 4024 loca,
889 3919 1180 4022 Deuter.19.·1'.

80 4027 191 4120 Idem
212 4025 416 4117 dicendum
430 4029 480 4121 de
494 4030 541 4122 iit
553 4030 621 4142 qui
639 4027 801 4138 speciale
817 4029 1039 4144 mandatum
1035 4028 1188 4222 (intere-x

651 4146 732 4229 Kz
1066 4161 1162 4220 cren
1178 4146 1208 4227 't
