2588 4448
82 190 84 195 ·
216 163 490 265 Sermonem
501 155 710 262 Domini.
748 154 902 260 Mart.
920 195 959 282 5.
1047 190 1145 284 127

46 316 168 419 efferat,
188 311 251 416 sed
263 310 409 392 laborem
425 310 579 419 quemvis
594 311 669 392 veri
677 309 798 422 piique
811 311 914 419 causi
928 297 1149 422 susciperent,

49 419 228 531 querendo
251 419 459 523 invenirent,
484 420 685 502 &inventis
708 420 853 500 retrario
869 422 989 540 prjcit,
1015 440 1149 501 uteren-

51 553 125 613 tur.
178 537 308 640 Atque
321 530 414 612 hinc
434 550 565 610 natum
581 530 749 610 arbitror
768 526 969 609 discrimen
984 530 1152 639 antiqui·

53 662 116 722 tus
140 640 244 722 inter
252 640 422 828 sludaeos
443 638 690 741 celebratum,
717 658 760 718 ut
784 664 831 719 ex
849 636 1035 746 Joscpho,
1061 640 1152 721 Phi·

51 750 156 853 lone,
182 749 250 829 alii
268 776 344 856 que
358 768 530 852 apparet,
551 746 699 854 seriptae
714 747 877 854 Legis&
892 747 984 855 legis
998 747 1153 850 vocalis,

51 873 136 971 rm
155 843 251 948 bre
268 875 383 943 rim
403 856 459 935 lex
475 884 548 964 que
566 871 630 966 per
650 885 699 957 os,
726 880 841 964 quam
862 866 896 939 u
921 841 1056 962 enhnp
1074 876 1152 936 tra-

51 957 238 1062 ditionem,
261 958 337 1042 hoc
349 961 403 1042 est
424 959 597 1077 oppdum
615 984 774 1047 vocant:
802 983 1004 1069 utramque
1025 961 1154 1047 dicen·

52 1080 153 1152 resa
181 1067 296 1151 Mose
314 1071 550 1176 profeticam:
606 1072 683 1155 uod
701 1099 745 1153 ea
771 1098 856 1180 quae
882 1074 989 1176 Lege
1013 1070 1155 1182 scripti

54 1176 245 1261 occultius
255 1180 567 1285 continebantur,
578 1103 748 1264 iudiosrs
763 1176 1049 1288 indagatoribus
1061 1208 1155 1265 eno-

56 1285 185 1368 daret
193 1296 366 1372 accurata
388 1289 668 1398 interpretatio.

111 1404 165 1478 Et
176 1395 260 1489 baec
272 1396 428 1520 quidem
444 1399 610 1482 docendi
624 1399 724 1482 ratio
739 1400 840 1507 apud
857 1399 1043 1508 populum
1059 1397 1157 1480 cras-

56 1502 147 1606 fior,
174 1506 348 1589 limatior
371 1509 472 1614 apud
496 1497 565 1593 cit>
587 1502 824 1614 nunidem
850 1541 903 1589 eos
927 1512 987 1618 qui
1015 1506 1157 1586 multum

48 1612 286 1723 prrrfecerant,
310 1614 518 1698 obtinuiffe
543 1617 696 1702 videtur
718 1617 767 1700 ad
794 1645 838 1699 ea
870 1640 1045 1724 tempora
1072 1643 1159 1725 quae

60 1723 342 1827 Babylonicum
362 1725 532 1809 exsilium
552 1726 640 1809 sunt
653 1724 788 1809 secuta.
825 1730 929 1808 Tum
943 1753 1036 1811 vero
1050 1725 1161 1834 gravi

61 1831 241 1938 periculo
259 1833 500 1938 imminente,
526 1864 575 1919 ne
597 1836 762 1944 populus
788 1831 921 1918 solitus
941 1861 985 1916 ea
1010 1850 1160 1918 tantum

61 1940 199 2025 audire
213 1970 300 2050 quae
312 1944 354 2027 in
367 1939 513 2026 sensum
533 1947 726 2050 caderent,
741 1945 870 2027 ablato
884 1943 1085 2051 splendore
1092 1948 1162 2052 Ju·

62 2050 167 2132 daici
182 2052 350 2160 imperii,
370 2080 525 2162 gemens
536 2055 605 2136 snb
615 2077 777 2140 externo
789 2055 1004 2152 dominatu,
1018 2051 1162 2152 damni,

66 2159 269 2264 cruciatds,
295 2163 429 2245 mortis
450 2164 617 2274 denique
644 2185 750 2245 metu
776 2163 959 2244 sollicitus
987 2160 1165 2242 deficeret

68 2276 92 2351 a
114 2267 316 2373 Iudaismo,
342 2273 487 2379 primus
500 2273 674 2355 omnium
687 2273 825 2352 Daniel
838 2267 1030 2380 restingendi
1046 2271 1166 2352 verbo

70 2377 159 2460 usus
178 2379 244 2481 el't,
271 2381 452 2488 ambiguo
468 2383 637 2491 quidem,
663 2382 726 2462 sed
752 2383 790 2462 in
807 2391 1080 2500 quo'magnum
1097 2380 1167 2460 ali·

66 2488 164 2598 quid
177 2489 298 2571 latere
314 2492 543 2574 crederetur.
585 2490 788 2572 Danielem
811 2495 956 2570 lecutus
972 2488 1167 2570 Ezechiel.

67 2599 134 2681 Ad
144 2597 259 2707 quod
274 2598 478 2705 respiciens
494 2601 669 2709 Scriptor
687 2596 923 2682 Paraeneseos
935 2597 982 2678 ad
998 2602 1170 2697 Graecos,

69 2708 175 2792 inter
194 2734 312 2814 opera
321 2709 475 2822 Justini,
501 2736 587 2819 quae
604 2707 816 2822 deJudicio
836 2709 921 2814 post
937 2707 1036 2788 hanc
1048 2707 1169 2790 vitam

72 2815 192 2898 habet
203 2818 327 2919 Plato,
340 2819 395 2898 ait
413 2824 433 2897 ὲ
451 2820 655 2926 Prophetis
678 2819 818 2898 hausta.
863 2817 964 2897 Hinc
981 2815 1171 2921 incipiunt

74 2925 285 3032 Sapientes,
313 2955 410 3033 quos
433 2949 625 3013 Ε’ωηη
651 2945 813 3029 vocant,
851 2926 918 3032 qui
951 2923 1172 3005 humanitus

73 3061 158 3117 non
171 3033 373 3117 Divinitus
387 3035 543 3140 eruditi,
569 3032 785 3141 Prophetis,
812 3031 875 3113 sed
891 3033 1026 3138 impari
1038 3034 1173 3112 andlo-

75 3143 207 3245 ritate,
218 3141 479 3227 succefferunt.
535 3145 589 3226 Hi
632 3171 761 3252 noque
774 3142 1014 3224 necessarium
1030 3140 1176 3248 judica·

74 3272 170 3334 runt
188 3279 236 3333 ex
262 3253 437 3335 Danielis
461 3253 585 3336 verbis
602 3172 797 3334 iirblimius
822 3249 1026 3331 intelledlis
1049 3276 1175 3357 popu·

76 3362 157 3443 lum
174 3359 351 3447 adversus
364 3382 597 3444 tentamenta
611 3361 852 3469 praemunire.
891 3357 1010 3464 Quod
1026 3358 1108 3440 fieri
1120 3356 1176 3441 sa·

79 3472 130 3552 tis
152 3499 234 3553 non
260 3494 428 3578 poterat,
455 3469 523 3552 nisi
548 3473 671 3577 palam
696 3472 773 3552 Dei
796 3468 903 3550 causi
924 3468 1177 3549 morientibus

81 3578 278 3686 proposui
296 3579 362 3688 spe
376 3581 467 3661 vitae
480 3580 659 3662 melioris.
689 3590 824 3686 Itaque
840 3605 882 3657 ea
901 3598 983 3658 tum
998 3577 1177 3660 dodlrina

84 3687 191 3769 velut
204 3692 227 3768 e
239 3690 395 3771 latebris
411 3689 595 3775 edudla&
610 3688 722 3769 certis
737 3689 893 3768 vocibus
904 3689 1099 3794 obfignata
1112 3688 1177 3766 est.

79 3797 189 3880 Hinc
204 3796 301 3881 illud
322 3798 451 3880 Taciti
469 3799 518 3878 de
532 3797 686 3907 Judaeis‚
713 3797 863 3876 Animae
878 3799 995 3906 prelio
1023 3816 1084 3873 ont
1096 3794 1180 3909 sop-

75 3904 199 4015 pliciis
215 3923 440 4016 peremturum
464 3927 608 3987 erenei
623 3924 761 4015 putant.
799 3911 899 3986 Hinc
915 3904 1080 3984 moriendi
1104 3934 1180 3997 con-

83 4033 235 4107 temtus..
254 4017 493 4103 ··Numenius
514 4042 668 4126 qnoque
695 4015 795 4096 libro
826 4017 953 4125 primo
976 4014 1024 4092 de
1055 4021 1182 4132 Btono,

1080 4143 1188 4199 nucu
