2588 4448
252 144 525 250 Sermonem
545 142 754 246 Domini.
774 141 959 249 mcccc.
966 181 1005 268 5.
1074 180 1135 273 24
1146 182 1174 269 5

77 299 232 408 generis
257 298 416 382 humani
441 284 682 402 societatem,
709 298 895 410 adquam
920 299 987 382 ille
1010 297 1176 407 respexit

79 409 152 516 qui
172 406 209 490 se
223 406 456 514 memorastis
469 407 601 488 Mmdi
613 411 722 488 civem
742 408 852 512 dixit,
879 420 913 493 u
928 410 1177 493 Florentinus

78 515 371 627 Jurisconsultus
389 543 476 599 cum
501 517 688 600 &Natura
705 519 974 626 cognationem
985 517 1176 626 quandam

80 628 186 709 inter
198 627 373 710 homines
388 628 443 708 ait
458 626 682 708 institutam.
737 627 833 708 lnde
847 626 958 728 illud,

91 796 95 804 .
190 737 413 841 Homcsrrm:
441 733 582 815 humani
597 733 723 816 nihilo
738 764 791 815 me
808 739 958 816 alianum
972 752 1066 845 pcto.

79 851 130 928 Et
142 871 233 953 quae
247 842 336 927 sunt
349 844 441 926 alibi
460 845 499 925 iu
512 844 671 951 eandem
690 841 927 929 sententiam.
953 852 1040 928 Hoc
1054 842 1177 952 ipsum

77 954 132 1041 est
147 953 445 1067 quod-apologo
464 952 690 1036 Samaritani
709 954 848 1067 Judaeo
871 954 1073 1038 vulnerato
1095 954 1176 1036 suc·

79 1061 281 1165 sumentis,
304 1090 429 1172 'quem
455 1061 633 1145 Sacerdos
661 1073 700 1147 ec
726 1063 867 1146 Levita
898 1063 1177 1172 praeterierant,

83 1170 256 1255 Christus
276 1172 422 1254 docuit.
461 1176 557 1255 Non
576 1173 692 1280 negat
710 1173 878 1286 Judaeum
898 1171 1040 1282 Judaeo'
1059 1171 1176 1252 ellel

81 1271 210 1373 πλησίον
224 1283 436 1393 proximum,
463 1281 629 1363 ardliore
651 1308 751 1386 nexu
771 1278 1111 1388 consanguinitatis
1139 1293 1177 1364 ἃ

79 1388 251 1498 proptiae
278 1388 448 1500 ipsorum
477 1391 592 1498 Legis
624 1389 808 1472 vinculo:
844 1390 916 1473 Sed
942 1388 1107 1470 ostendit
1134 1390 1177 1470 id

77 1526 160 1582 non
182 1500 333 1581 obstare
353 1499 561 1609 quominus
574 1498 786 1582 communis
807 1511 973 1583 ortus&
995 1505 1080 1580 Lex
1097 1497 1176 1605 ipsa

76 1611 242 1690 Naturae
263 1636 417 1691 omnem
439 1609 637 1691 hominem
663 1607 772 1700 omni
797 1608 948 1691 homini
975 1606 1089 1689 faciat
1103 1608 1176 1687 effe

81 1713 263 1809 iminica,
286 1717 326 1799 id
344 1720 410 1820 est,
426 1746 507 1800 non
526 1717 706 1819 alienum,
732 1715 796 1799 sed
808 1715 1073 1800 necessitudine
1085 1718 1178 1824 qui·

82 1823 171 1906 dam
191 1825 463 1931 cohaerentem‚
499 1853 543 1906 ac
568 1846 773 1933 propterea
797 1826 988 1909 neminem
1015 1825 1088 1908 esse
1112 1825 1176 1908 cui

79 1960 161 2015 non
178 1935 268 2016 datr
286 1935 479 2019 occafione
493 1933 717 2016 benefacere
731 1933 951 2030 debeamus,
972 1934 1075 2018 lllud
1089 1932 1176 2042 qui·

79 2043 165 2123 dem
180 2041 377 2127 fatendum
391 2046 457 2145 est,
483 2071 568 2126 curu
593 2044 718 2127 viclrls
738 2047 927 2127 rationem
944 2044 1176 2148 peculiarem

80 2155 185 2233 Deus
207 2150 385 2236 Israelitis
406 2152 640 2261 praescripfit‚
667 2155 743 2236 hoc
760 2153 844 2261 ipso
860 2149 1177 2236 consuetudinem

79 2260 289 2343 admodum
300 2260 527 2344 familiarem
539 2284 782 2345 externarum
797 2260 972 2371 gentium
984 2261 1177 2344 redditam
1228 2258 1249 2287 ⁶

77 2369 150 2450 effe
175 2369 396 2454 difficilem:
459 2374 560 2454 ostea
582 2371 713 2478 etiam,
736 2398 824 2453 cum
843 2369 1031 2452 summum
1055 2371 1176 2480 impe-

79 2477 181 2560 rium
199 2481 324 2594 Judaei
347 2401 558 2585 amiilsent,
584 2479 791 2565 arctiorem
816 2507 899 2561 eam
918 2479 1105 2564 redditam
1127 2504 1177 2560 ex

78 2588 300 2696 Sapientilm
318 2587 551 2697 praescripto.
607 2597 736 2696 Atque
755 2587 845 2670 hinc
857 2591 910 2672 est
924 2588 1030 2698 quod
1046 2587 1176 2694 passim

79 2695 242 2804 legimus
264 2699 305 2779 in
324 2700 383 2781 his
399 2699 506 2782 libris
530 2697 680 2808 ludaeos
707 2725 786 2779 non
816 2697 953 2781 solitos
977 2696 1174 2807 aimirice

80 2805 254 2897 amasim
277 2810 449 2908 miamin,
473 2800 715 2914 muniamur„
740 2806 842 2910 corti,
867 2835 938 2886 unc
956 2805 1177 2918 manducare,⁴

77 2910 246 3024 conjungi,
272 2915 439 3018 accedere,
466 2916 699 3024 alienigenis.
740 2923 792 2998 Et
815 2915 891 2999 hoc
913 2914 1035 3024 ipsum
1056 2914 1176 3020 Apol-

77 3022 209 3106 lonius
224 3026 353 3128 Molo,
379 3034 435 3108 M.
451 3026 576 3106 Tullii
597 3025 796 3109 Ciceronis
818 3046 1045 3132 praeceptor,
1073 3022 1174 3105 invi-

78 3129 186 3213 diose
213 3134 418 3242 objiciebat
435 3135 589 3248 Judaeis‚
615 3133 659 3216 ‘lm
672 3133 719 3242 nl
741 3131 944 3242 mardingen
962 3120 1030 3216 esi}
1054 3134 1177 3214 imme

77 3239 397 3350 mummuli&
412 3241 436 3322 d
436 3240 526 3347 όξοας
540 3243 607 3327 mssi
623 3247 697 3333 oei,
723 3243 810 3351 mili
832 3244 971 3332 retrorsi
987 3239 1094 3334 sielsoe
1113 3246 1174 3326 mic

77 3349 166 3444 mn?
181 3347 288 3454 irim
311 3355 461 3450 ciwi9drcr
473 3355 536 3448 βίε
550 3353 604 3462 ζῇν
617 3352 876 3462 recompendium,
904 3349 995 3460 quod
1006 3379 1073 3430 mn
1085 3351 1177 3442 reci-v

71 3473 192 3564 petent
204 3461 309 3540 aliter
324 3460 365 3540 de
386 3466 458 3542 Deo
471 3463 672 3568 sentientes,
698 3492 802 3570 oreque
815 3461 1047 3542 commercium
1072 3457 1177 3537 habe-

77 3587 156 3647 rem
178 3597 254 3649 cum
275 3570 418 3650 alterius
438 3568 589 3677 instituti
613 3571 826 3652 bominibus:
854 3568 961 3680 quod
983 3567 1175 3680 Josephus

76 3703 158 3759 nou
171 3701 300 3786 negat,
326 3677 389 3760 sed
409 3682 587 3788 exemplo
608 3681 811 3762 Laconicae
824 3675 1007 3781 {cinaedm
1023 3675 1176 3788 peregri-

76 3814 196 3866 norum
210 3788 401 3897 eaprlstcmi
418 3786 623 3877 defendere
645 3810 819 3870 conatur.
861 3798 915 3872 Et
930 3787 1056 3896 paslim
1074 3785 1177 3894 apud

70 3891 283 4004 Josephutu
300 3897 446 3996 inimici
456 3899 599 4013 Judaeis
616 3899 807 4007 objiciunt
820 3895 851 3976 ii
862 3897 1006 4004 ἅμικπν,
1021 3900 1056 3976 ri
1071 3888 1176 3999 diiu-

71 4017 183 4117 'eveo
207 4005 504 4120 erminum
521 4027 624 4117 eree
638 4006 830 4124 sepeciem
855 4009 963 4119 quod
987 4003 1177 4108 unroco

98 4174 102 4180 ·
566 4122 573 4142 '
677 4123 683 4141 ‘
873 4125 878 4138 '
1060 4132 1175 4221 rocas
