2588 4448
95 161 198 267 282
403 155 761 259 Adnotationer
786 150 863 256 ad

94 313 235 416 wlsini
265 347 292 427 '5
315 309 452 405 valum
477 308 723 420 institutionem
744 316 780 392 &
800 303 1060 418 castigationem
1079 333 1184 416 quart

93 445 270 531 parentes
290 421 434 522 liberis,
460 422 541 501 imo
562 431 599 503 ἃ
613 417 681 498 alii
697 416 780 501 aliis
793 419 960 507 debent3
986 443 1127 527 neque,
1150 438 1189 498 ut

93 529 205 639 supra
231 528 475 633 ostendimus,
509 527 751 636 Judiciorum
775 529 878 638 leges
909 525 1041 630 tollit,
1074 551 1188 633 quan·

94 668 211 748 quam
234 660 379 720 certum
401 639 455 717 est
477 636 517 717 in
546 636 620 718 illis
646 635 762 716 etiam
787 634 1007 718 exercendis
1031 635 1188 716 clemen·

94 749 189 830 tiam
208 745 353 855 requiri
366 783 378 834 ς
418 745 481 827 sed
505 747 591 828 vult
608 774 679 828 nos
709 747 759 827 ab
780 745 932 828 ultione
959 744 1094 825 animo
1120 744 1186 824 effe

94 856 236 958 alieno,
261 857 314 937 ita
339 880 384 936 ut
406 883 490 935 eam
512 881 582 935 nec
605 855 801 962 exigamus
813 854 897 962 ipss,
926 880 998 935 nec
1015 851 1183 965 aJudice,

94 965 176 1045 imo
191 991 241 1044 ne
254 970 276 1042 a
290 970 380 1046 Deo
392 964 547 1072 quidem
566 965 811 1069 postulemus,
832 962 911 1065 sed,
930 981 975 1042 ut
998 961 1119 1043 modo
1133 961 1184 1042 di·

93 1075 217 1174 cebat,
226 1071 504 1154 benefaciamus
519 1071 564 1154 iis
575 1072 644 1180 qui
654 1101 725 1154 nos
741 1071 928 1154 laeserunt.
956 1068 1185 1153 Beneficium

94 1202 224 1264 autem
237 1184 291 1263 est
304 1181 421 1264 etiam
441 1181 613 1287 precibus
632 1179 733 1284 ipsos
745 1181 847 1290 apud
858 1187 986 1264 Deum
1001 1178 1186 1290 adjuvare.

93 1294 232 1400 Neque
246 1320 353 1392 vero,
375 1312 419 1372 ut
433 1287 589 1397 quidam
603 1311 755 1396 putant,
781 1287 1036 1398 praestandum
1051 1290 1128 1371 hoc
1141 1291 1187 1371 est

94 1399 140 1480 iis
162 1400 250 1482 lulis
274 1400 343 1508 qui
372 1399 648 1509 poenitentiam
669 1397 781 1482 factis
805 1402 1003 1501 testantur,
1032 1396 1097 1481 sed
1120 1398 1187 1480 illis

94 1507 211 1590 etiam
237 1509 306 1617 qui
332 1535 462 1589 errore
486 1508 656 1616 quodam
683 1508 723 1589 in
750 1538 820 1592 nos
848 1507 1023 1610 saeviunt,
1049 1507 1185 1590 Chr-isti

94 1617 273 1723 exemplo
289 1621 384 1698 Luc.
399 1646 458 1712 23.
481 1645 537 1715 34.
579 1617 641 1698 llli
662 1644 756 1701 vero
781 1618 851 1726 qui
877 1617 1050 1723 maligno
1074 1616 1186 1698 animi

95 1724 295 1830 proposito
317 1722 623 1808 inexcusabiliter
645 1749 817 1832 peccant,
839 1731 929 1809 Deo
943 1723 1186 1832 permittendi

93 1830 195 1935 sunt,
218 1837 410 1914 Ronan.
432 1865 490 1934 19.
536 1835 676 1917 Danda
691 1859 817 1917 autem
841 1835 893 1916 est
913 1861 1036 1942 opera
1059 1855 1105 1916 ut
1127 1834 1184 1916 de·

94 1941 189 2022 licta
202 1941 364 2022 aliorum
380 1970 494 2051 quam
508 1943 770 2052 benignillirne
787 1944 1181 2052 interpretemqurae·

92 2049 221 2132 sertim
243 2078 328 2160 quae
352 2051 392 2131 in
421 2080 492 2133 nos
520 2048 608 2133 sunt
633 2054 840 2157 commista,
865 2081 951 2135 cum
978 2053 1129 2160 alioqui
1148 2053 1183 2133 in

92 2182 240 2266 partem
258 2158 470 2267 sequiorem
489 2160 650 2242 nimium
673 2159 738 2244 sua
748 2161 885 2270 sponte
896 2187 1109 2270 provergat
1123 2161 1183 2244 do·

93 2269 174 2351 lens
191 2269 350 2351 animus.
389 2271 453 2351 Est
464 2291 591 2350 autem
612 2271 692 2352 haec
711 2272 827 2354 etiam
845 2271 990 2356 Christi
1003 2269 1183 2355 sententia

94 2403 141 2456 ex
174 2399 346 2459 veterum
375 2381 629 2460 Hebraeorum
659 2381 841 2486 placitis:
881 2379 991 2489 quod
1015 2392 1056 2471 ,ἃ
1090 2379 1181 2490 apud

93 2486 534 2595 Thalmudicoslegitur
558 2500 595 2579 ὃ(
620 2489 721 2594 apud
744 2488 952 2598 sapientem
978 2490 1180 2575 Hebraeum

93 2595 232 2678 Eccles.
248 2611 307 2680 28.
327 2625 357 2691 3.
389 2594 576 2710 ''Arbgnnus
590 2601 755 2707 ἀνθρώπῳ
769 2602 902 2706 σιωπηρᾶ
925 2596 1023 2705 ὀργὴν,
1048 2600 1077 2714 a}
1098 2592 1179 2710 nr&

94 2703 203 2804 Kuejs
219 2704 301 2809 ζηπῖ
323 2707 409 2785 ἴασιν·
439 2710 466 2818 ³3⁸
494 2702 717 2813 itr'iivflpurut
730 2711 828 2814 ‘lustu
847 2699 929 2815 ω’πς]
940 2707 1006 2790 caba
1020 2706 1077 2804 ixl
1098 2709 1180 2801 ἔλων,

95 2805 201 2897 baffi)
221 2821 246 2896 ἲ
265 2813 424 2919 &annuntii
442 2814 527 2896 neira?
549 2815 655 2916 δεῖταί·
685 2815 776 2901 uritis
790 2813 864 2922 stip}
876 2813 914 2896 clv
930 2821 1079 2924 Ἆὶθιτηρᾷ
1093 2817 1179 2924 pitin

93 2923 180 3045 gule
202 2919 375 3025 ὲξιλάσεπᾳ
392 2924 450 3008 nis
465 2923 622 3030 ἀμοιρήσας
637 2923 735 3014 uniit&
769 2929 885 3007 Homo
896 2922 1025 3005 homini
1039 2929 1180 3032 reservat

93 3061 198 3132 aram,
224 3034 378 3114 &aueo
392 3038 516 3139 quaerz't
530 3033 716 3113 medelam:
744 3032 1179 3140 Inbnminemfimilemstbt'

92 3171 158 3220 non
178 3139 278 3221 habet
292 3141 571 3246 misericordiam,
597 3141 692 3223 &de
707 3143 860 3252 peccatis
883 3143 953 3248 suis
977 3141 1181 3252 deprecatur.

92 3252 179 3437 gese,
210 3279 388 3330 cumcurn
420 3271 460 3350 rt,
485 3253 638 3356 restervat
663 3255 769 3353 iram,
794 3253 923 3361 &qru't¹
948 3251 1108 3334 exorabit
1121 3271 1181 3362 prr

117 3357 224 3438 elillis
247 3356 347 3471 ejus?
373 3360 457 3441 Ubi
471 3362 585 3441 tacite
602 3389 650 3440 ex
668 3363 825 3444 nomine
848 3359 993 3442 hominis
1011 3374 1047 3445 ὃ(
1060 3361 1180 3466 stmilis

93 3468 260 3550 &carnis
274 3469 387 3548 datur
403 3468 567 3576 intelligi
589 3475 694 3551 Deus
720 3494 830 3551 tanto
847 3471 982 3577 major,
1009 3471 1111 3553 sicut
1124 3472 1182 3553 hic

92 3600 138 3653 ex
159 3603 254 3655 voce
276 3578 400 3655 Patris
417 3576 553 3684 coelestis
573 3578 803 3686 intelligitur
832 3577 1051 3685 oppofitum
1069 3602 1180 3662 terre·

91 3682 172 3763 stris
198 3696 233 3767 ὅ(
258 3682 395 3767 fratris.
451 3694 598 3768 Senecae
621 3690 687 3792 est,
718 3695 785 3771 Ut
808 3687 1011 3794 ablilvaris,
1041 3687 1179 3799 ignosce:

92 3803 127 3875 ὃ(
142 3790 182 3870 in
201 3793 424 3898 Tragoedia,

201 3903 271 3979 Det
286 3899 491 3983 illeveniam
500 3903 624 4009 facile,
650 3909 704 3986 cui
718 3906 821 3986 veniel
841 3902 888 4014 ast
904 3922 992 4014 opus.

479 4151 500 4204 r
1010 4123 1183 4212 MATT.
