2588 4448
260 173 532 275 Sermonem
544 167 751 274 Domini.
789 168 944 276 Matr.
959 180 1006 280 6.
1083 186 1184 315 287

225 407 478 491 Admtotimes
501 405 553 488 ad
576 406 760 490 Settiomm
787 404 1029 490 duodecimam.

82 542 276 700 12.MH
298 541 499 646 θησαυρίζετε
522 545 593 644 ὑμῖν
617 537 779 649 bromosis,
808 541 934 621 Nolite
952 541 1185 651 thesaurizare

260 649 357 731 vobis
385 649 588 756 thesauros]
619 649 774 732 Putavit
804 652 1012 740 Coelestius
1043 653 1120 735 hoc
1148 666 1187 739 ἃ

86 760 173 843 aliis
192 768 301 843 Evan
328 758 397 841 elii
421 760 513 841 locis
536 785 693 841 ornnem
717 785 844 840 rerum
870 789 952 843 non
967 763 1187 845 neceffaria·

82 897 169 952 rum
182 788 457 976 possesionem,
483 894 577 977 quas
589 865 745 949 divitias
760 895 949 970 vocamus,
976 871 1188 977 prohiberi.

83 980 207 1086 Qod
239 977 365 1063 valide
392 974 582 1059 refirtatur
613 977 720 1059 Pauli
746 978 871 1060 verbis
902 982 1099 1065 1Tirn.6.
1125 1013 1187 1075 17.

84 1088 158 1171 Sed
185 1089 227 1170 in
248 1088 407 1169 alteram
431 1113 586 1194 quoqne
612 1109 760 1192 partein
780 1087 898 1167 errari
924 1091 1060 1194 potest,
1088 1089 1187 1171 utsr

82 1197 150 1280 bic
162 1219 231 1279 aut
244 1218 474 1279 eostantum
489 1216 665 1301 putemus
683 1197 809 1277 notari
824 1195 893 1304 qui
904 1196 1060 1304 genium
1076 1197 1187 1280 suum

84 1303 306 1389 fraudantes
334 1333 429 1387 auro
450 1302 598 1387 defosso
622 1305 816 1407 incubant,
842 1327 910 1384 aut
932 1307 1000 1413 qui
1017 1333 1087 1415 per
1105 1309 1186 1391 vim

83 1415 296 1524 'dolumque
315 1417 458 1496 malum
472 1414 577 1494 lucra
601 1411 807 1516 sectantur,
833 1442 997 1521 quorum
1014 1414 1111 1496 illud
1128 1418 1187 1500 vi-

84 1526 186 1606 tium
200 1524 384 1630 aestatim
395 1525 629 1624 tenacitatem,
645 1523 721 1603 h'oc
737 1524 918 1626 πλεονεξίαν
920 1523 1186 1626 fraudationem

86 1634 233 1714 otiorum
250 1634 429 1715 distinete
445 1633 572 1714 Graeci
595 1655 753 1714 vocant:
782 1659 868 1712 curn
893 1631 956 1712 hic
972 1634 1102 1739 potius
1113 1662 1187 1716 no·-

89 1763 194 1824 tetur
209 1742 348 1827 vitium
373 1747 400 1822 ‘i
424 1741 659 1847 ermemiro,
680 1741 831 1847 pemmo
842 1738 1013 1849 studium,
1039 1763 1084 1824 ut
1107 1745 1186 1826 Sal⁴

89 1852 220 1934 lustius
237 1849 424 1960 loquitur,
451 1849 559 1956 quod
580 1850 778 1930 commatis
802 1880 862 1946 25.
883 1863 920 1936 t<
941 1848 1183 1960 sequentium
1283 1866 1293 1911 ί

86 1989 175 2044 cum
193 1960 253 2043 his
277 1958 589 2042 antecedentibus
610 1959 800 2039 connexio
816 1957 1057 2041 manifestum
1080 1962 1186 2044 facit.

85 2071 143 2156 Hi
165 2070 257 2178 sunt·
267 2098 365 2180 quos
378 2068 515 2149 Paulus
539 2067 615 2175 jam
640 2066 746 2149 dieat
768 2068 941 2174 Epistola
960 2090 995 2148 ό.
1015 2085 1045 2152 8.
1075 2093 1188 2153 vocat

87 2167 160 2262 ciii
185 2179 377 2275 Baaombiue
391 2179 526 2262 extaret
545 2177 606 2284 qni
625 2177 742 2257 volunt
757 2175 885 2257 divites
892 2175 990 2281 fieri,
1017 2178 1188 2286 quosque

88 2288 148 2369 ait
161 2288 360 2396 illaqueari
384 2286 514 2366 multis
530 2285 789 2388 irritamentis,
815 2312 859 2366 ac
873 2284 1027 2367 tandem
1052 2287 1093 2368 in
1108 2288 1188 2370 exi·

90 2398 190 2478 tium
206 2396 328 2478 solere
350 2392 543 2502 demergi:
571 2395 639 2474 ubi
657 2394 811 2495 tituta
825 2394 906 2474 velle
921 2395 976 2475 ita
991 2394 1113 2476 ferme
1130 2396 1189 2478 su·

88 2506 212 2588 mitur
235 2505 437 2614 quomodo
457 2503 594 2612 βέλεῶς
614 2500 656 2581 aei
681 2510 707 2586 ²?
732 2503 929 2634 {romanino
953 2505 1189 2615 vellemque

77 2615 168 2723 sunt
189 2620 218 2698 S
237 2617 476 2718 racusanorum
500 2610 682 2694 dicuntur
704 2621 729 2691 oi
747 2649 788 2690 see
815 2612 916 2693 adroic
941 2615 1101 2727 φξσνὲνπς
1127 2615 1189 2722 qui

89 2724 167 2834 ipfis
218 2722 333 2805 edent.
370 2723 436 2805 Est
458 2720 613 2829 quidem
633 2748 710 2803 vox
736 2719 931 2832 §amostra
958 2722 1190 2828 thesaurizare

89 2861 160 2942 per
174 2829 214 2914 se
231 2833 372 2933 media,
398 2832 452 2911 ita
475 2850 519 2909 ut
541 2843 577 2914 ὅ(
594 2829 642 2910 de
656 2826 776 2912 fastis
790 2829 1043 2912 laudabilibus
1061 2864 1075 2909 1
1095 2836 1191 2914 Cor.

93 2960 157 3024 16.
175 2973 210 3023 2.
237 2940 396 3051 aliisque
415 2939 550 3019 nonin
565 2938 667 3021 vitio
689 2938 820 3047 positis
844 2937 1047 3045 usurpetur
1062 2973 1082 3017 2
1096 2944 1190 3022 Cor.

94 3079 233 3147 12.14.
278 3052 352 3133 Sed
379 3049 416 3130 ei
440 3047 527 3130 voci
555 3046 694 3129 accidit
717 3048 823 3156 quod
837 3048 920 3129 aliis
935 3050 1118 3154 pluribus,
1146 3071 1191 3131 ut
1257 3045 1261 3052 ’

93 3159 290 3241 interdum
302 3155 415 3261 πςέιξιν
435 3156 613 3257 attionem,
640 3159 832 3239 interdum
846 3184 952 3258 ver0‚
966 3181 1009 3239 ut
1027 3157 1102 3260 hic,
1130 3158 1191 3237 oti

91 3265 155 3368 ’ἕξιν
170 3286 425 3376 permanentem
440 3265 552 3344 enimi
567 3265 775 3372 offlitionem
799 3265 995 3374 fignificet‚
1021 3270 1083 3346 cui
1097 3294 1192 3348 con·

90 3379 225 3488 junCia
250 3377 322 3458 effe
335 3376 432 3457 solet
456 3376 638 3457 tenacitas
660 3375 861 3486 erogandae
881 3376 923 3456 in
946 3376 1091 3457 alienos
1107 3376 1191 3458 usus

93 3486 279 3594 pecuniae.
336 3490 439 3568 Nam
462 3484 529 3589 qui
554 3485 630 3565 hoc
655 3508 774 3591 agunt
800 3507 844 3564 ut
866 3485 1191 3592 quamplurimum

83 3598 284 3696 babeant,
311 3614 377 3675 aut
402 3593 442 3673 id
468 3589 616 3673 faciunt
639 3613 683 3672 ut
707 3592 775 3699 ipsi
801 3595 940 3673 lautius
971 3595 1124 3678 mollius
1148 3623 1192 3676 ac

92 3703 290 3813 superbius
314 3703 461 3801 vivant,
488 3722 555 3780 aut
574 3699 677 3781 nuda
698 3701 918 3808 poffeffione
938 3701 1193 3785 delettentur.

93 3822 319 3920 Utrumque
333 3833 460 3892 autern
472 3810 597 3889 obstat
609 3810 879 3892 beneficentiae.
920 3812 1065 3894 Eodem
1083 3811 1192 3894 sensu

92 3922 258 4002 sumitur
276 3924 311 3999 ab
328 3915 520 4026 §nmaidei
542 3914 774 4032 thesaurizare
797 3926 892 4005 Lae.
912 3951 969 4001 12.
986 3952 1045 4000 21·
1074 3935 1109 4007 ὃ(
1127 3930 1192 4035 Ja-

94 4032 183 4115 cobi
212 4060 244 4129 5.
261 4057 295 4130 3.
322 4101 328 4113 .

1095 4128 1190 4217 ‘sonu
