2588 4448
96 152 199 273 246
410 137 795 246 videetetienes
813 141 887 240 ed
926 180 930 187 ·

98 317 215 379 vocat
230 295 290 376 tie)
304 299 446 398 ateius
458 291 593 397 ἀμιξίαν
609 295 693 375 vite
706 290 1013 399 insatiabilitatem.
1042 291 1117 374 Sed
1127 292 1178 402 qui·

95 403 263 512 sapiunt,
288 405 400 488 facile
416 405 548 486 vident
564 425 674 486 extra
697 403 813 511 Legis
830 400 1051 509 ptaescripta
1076 414 1111 488 ἃ
1131 410 1177 484 Sa·

95 516 271 620 pientirm
296 514 522 596 sententiam
539 513 716 632 aJudaeis
735 513 847 614 itum,
871 538 958 593 cum
973 511 1181 593 communia

96 623 269 729 quaedam
287 622 412 704 officie
432 622 550 704 etiam
566 625 611 706 irs
624 622 834 703 debeantur
848 626 983 728 quote
999 621 1181 727 propioris

95 730 373 814 neceffitudinis
396 732 552 814 vinculo
583 750 649 811 aut
668 732 731 811 lex
759 749 863 812 arcet
884 748 952 809 aut
976 729 1094 813 tatio.
1145 737 1181 811 ln

97 844 206 947 Lege
224 837 341 921 Mosts
361 847 481 938 Deus,
507 862 551 922 ut
572 867 658 921 cum
672 837 917 920 Tertulliano
933 836 1091 945 loquar,
1113 866 1181 947 qne·

96 945 245 1026 rendam
256 947 364 1050 fidem
379 951 557 1058 paulatim
573 948 625 1028 ad
631 947 814 1057 discipline
824 943 1028 1134 Chriliianae
1040 949 1181 1048 tritten,

88 1055 216 1164 primu
230 1056 410 1168 quibusque
424 1056 594 1167 precept'ti
615 1055 830 1138 balbutiem?
844 1054 896 1134 ad
914 1083 955 1136 ut
968 1051 1188 1164 benignitatis¹

97 1163 319 1266 infhrmabet.
360 1170 491 1274 Qare
509 1194 596 1248 cum
626 1165 731 1248 illam
754 1163 994 1246 indefinitam
1019 1162 1185 1247 dileetio»

97 1300 187 1354 nem
208 1275 265 1356 illi
289 1277 463 1383 praestare
491 1275 662 1357 nondum
688 1273 862 1382 possent,
889 1297 1020 1378 neque
1042 1272 1186 1382 'promi-

96 1383 224 1465 scuam
251 1381 566 1468 consuetudinem
578 1383 697 1465 ferret
720 1380 886 1489 ipsornm
912 1381 1131 1485 infirmitas,
1153 1383 1190 1462 in

98 1513 213 1573 tanto
234 1491 441 1599 praesertim
458 1495 643 1575 vitiorum
660 1515 776 1599 atque
791 1489 997 1595 impiarum
1023 1486 1183 1599 supersti-

100 1599 253 1681 tionum
277 1607 432 1711 Regno,
457 1599 589 1685 saltem
607 1602 648 1681 in
661 1598 855 1683 consortes
874 1596 1071 1705 sanguinis
1083 1627 1125 1681 ac
1138 1626 1183 1680 re·

98 1709 257 1816 ligionis
279 1711 411 1792 omnia
438 1711 717 1794 benevolentiae
742 1708 868 1793 officia
893 1709 1072 1791 exhiberi
1093 1713 1184 1790 Deus

99 1817 242 1917 voluit,
267 1819 382 1927 idque
408 1817 546 1927 ipsum,
572 1842 707 1925 praeter
725 1843 944 1899 communes
960 1821 1190 1900 Naturaere·

99 1926 231 2030 gulas,
256 1932 363 2035 Lege
390 1932 632 2035 promulgata
660 1926 796 2009 sanxit.
850 1922 1056 2034 Quamdiu,
1083 1947 1125 2006 ut
1145 1925 1185 2006 adv

100 2035 336 2116 Tertulliani
357 2040 473 2120 verba
489 2037 653 2137 redeam,
678 2037 776 2116 intra
796 2035 956 2138 Israelem
977 2056 1059 2114 erat
1071 2036 1182 2142 setta

99 2163 261 2245 mentum,
288 2147 407 2227 merite
419 2147 458 2227 in
468 2147 559 2253 seles
569 2143 709 2252 fratres
723 2141 992 2249 misericerdiam
1008 2141 1184 2223 mandabat

100 2255 265 2359 (nempe
291 2256 331 2336 in
353 2254 507 2338 Federis
533 2254 749 2356 formula;)
786 2251 920 2333 Ateii
947 2250 1076 2359 Cbnste
1100 2250 1190 2332 tett-

100 2362 228 2439 Gentes
243 2360 465 2443 hereditatem
488 2370 522 2444 &
536 2360 752 2472 posseffienem
773 2361 935 2440 termines
949 2379 1065 2464 terre,
1090 2368 1184 2442 &ce-

92 2471 152 2576 pit
174 2475 319 2578 expungi
338 2472 430 2579 qned
444 2472 571 2552 dietum
584 2473 630 2578 est
639 2490 702 2580 per
718 2471 811 2577 Osee,
829 2474 921 2550 Nee
936 2471 1080 2577 populns
1094 2499 1184 2568 meus,

91 2581 233 2685 populns
257 2608 360 2678 mens,
381 2588 416 2662 ὅ
435 2611 500 2660 non
515 2579 782 2688 misericordiane
801 2578 983 2684 terestrem,
1007 2578 1182 2686 misericer-

99 2685 391 2794 diemeonsecnte,
420 2692 535 2769 Natio
543 2688 691 2798 seilicet,
717 2685 840 2769 exinde
864 2683 1013 2786 teretes
1030 2690 1071 2766 in
1085 2715 1183 2766 omnes

97 2796 200 2902 legem
219 2815 370 2902 paterne
394 2798 616 2905 benignitatis
635 2795 802 2900 extendit,
828 2796 994 2875 neminem
1017 2795 1186 2876 excludent

100 2904 139 2984 t'n
165 2904 392 3009 miseratione,
408 2909 494 3011 ficut
515 2910 553 2989 e'n
574 2909 760 2988 enuntient.

156 3013 217 3110 tte}
245 3010 371 3122 nstitit
405 3016 571 3125 iizipin
596 3048 650 3099 ee·
688 3025 723 3097 tt
746 3011 821 3096 edin
855 3009 989 3094 babebis
1019 3009 1188 3095 inimicum

99 3127 249 3227 teum]
279 3127 354 3207 Hic
377 3127 489 3206 multi
516 3147 652 3232 putant
680 3127 830 3206 firmum
858 3123 1056 3202 sehabere
1083 3131 1186 3232 argu'·

101 3252 272 3314 mentum
293 3263 373 3343 quo
395 3236 561 3341 probent
581 3235 713 3315 omnia
739 3260 824 3339 quae
838 3231 1011 3312 Christus
1027 3231 1186 3341 antiquis

100 3340 155 3419 ait
179 3341 296 3442 dieta,
323 3373 402 3426 non
426 3344 473 3424 ad
500 3342 614 3433 Mofis
628 3351 786 3449 Legem,
811 3341 875 3421 sed
899 3338 946 3421 ad
962 3341 1181 3447 interpreta-

99 3447 245 3530 tionem
273 3454 388 3562 Legis
415 3453 627 3559 peritorum
659 3449 866 3534 referenda.
928 3453 1014 3532 Nos
1043 3473 1190 3548 autem,

98 3557 263 3663 quicum
280 3563 471 3644 veteribus
489 3561 677 3669 plerisque
691 3560 917 3640 arbitramur
940 3555 1059 3639 Mofis
1082 3562 1192 3639 verba

99 3665 246 3768 respici,
273 3666 336 3750 sed
361 3672 416 3751 ita
445 3692 488 3752 ut
517 3670 623 3751 fimul
651 3667 844 3751 refellatur
868 3694 984 3774 prava
1006 3665 1190 3775 interpre-

98 3774 197 3855 tatio
212 3801 345 3855 eornm
361 3781 427 3885 qui
444 3808 490 3859 ex
510 3778 729 3860 obedientie
740 3778 855 3884 Legis
869 3777 984 3878 illius,
998 3803 1087 3882 quae
1104 3803 1190 3883 pro·

98 3884 183 3988 pria
206 3904 287 3963 errt
306 3888 542 3990 Judaeornm,
569 3916 648 3970 non
671 3909 820 3968 tantum
846 3887 935 3965 vitae
962 3885 1075 3990 hujus
1090 3909 1187 3965 com·

96 3991 223 4103 moda,
259 3992 323 4109 sed
356 4006 390 4086 ἃ
421 4003 600 4106 Regnum
639 3994 793 4113 coeleste
830 3993 897 4103 fibi
930 3990 1195 4188 sfflndeiai?

216 4174 221 4195 f
1008 4127 1139 4214 nege
1156 4125 1189 4204 .ῑὲ
