2588 4448
248 166 520 271 Sermonem
529 163 738 266 Domini.
775 164 929 269 Mart.
947 203 987 292 5.
1066 164 1165 305 241'

76 320 211 431 poffe3
238 319 302 403 sua
317 320 484 403 retinere
509 322 669 429 private
695 319 842 425 domus,
868 322 917 403 de
943 323 1074 409 alienis
1090 354 1170 409 cer-

80 450 163 512 tare
185 431 349 538 Regiam
373 429 483 511 aiunt
505 428 580 511 effe
601 427 776 519 laudem
803 434 871 540 qui
893 432 988 514 alios
1011 436 1170 542 perdere

72 537 195 647 ponit
224 564 321 621 eum.
337 539 572 647 perdendum
601 539 643 620 in
670 558 871 646 tempore3
913 540 1013 622 nihil
1042 544 1171 654 injusti

80 652 121 729 in
143 670 234 729 eum
259 647 329 757 qui
356 647 463 755 quod
479 647 618 757 justum
642 648 697 728 est
713 647 882 738 recuset;
909 676 1070 763 quaeque
1096 656 1172 737 alia

79 754 229 838 suntin
248 756 523 839 eamformam.
553 757 695 838 Dicant
717 758 823 865 quod
837 759 1019 861 velino&
1034 762 1100 842 ubi
1114 759 1171 845 so·

78 864 286 947 litudinem
298 865 445 948 faciunt
468 867 816 973 pacemappellent.
860 874 919 949 Ex
934 870 1089 952 illorum
1104 870 1173 953 sci-

75 975 141 1077 tia,
167 996 256 1084 quae
281 1000 369 1056 vere
389 973 527 1082 scripta
554 971 640 1055 sunt
663 976 834 1055 humano
865 973 1060 1085 sanguine,
1087 982 1173 1063 Rex

81 1083 272 1191 iile'pacis
291 1083 341 1165 de
366 1108 506 1192 genere
530 1083 700 1165 humano
729 1112 811 1165 non
838 1083 1032 1192 judicabit.
1087 1098 1174 1172 Imo

83 1212 180 1279 tero
199 1192 241 1275 id
254 1192 384 1301 potius
399 1219 548 1295 vereor,
568 1221 616 1274 ne
631 1195 670 1273 in
685 1194 754 1274 hic
769 1193 1002 1276 tractatione
1023 1196 1064 1279 in
1089 1204 1174 1280 eain

82 1320 236 1410 purtem
256 1328 342 1412 quae
366 1302 469 1383 bello
506 1302 666 1383 nimium
697 1301 872 1410 indulget
899 1300 1039 1384 fuerim
1061 1332 1174 1415 aequo

127 1410 255 1494 onior.
295 1414 427 1518 Qare
450 1408 542 1492 sciat
568 1411 693 1492 lector
716 1434 795 1492 non
822 1410 1029 1496 definiendi
1044 1414 1175 1497 animo

141 1525 198 1601 ca
213 1538 274 1601 me
286 1521 403 1624 diota,
414 1514 478 1601 sed
498 1540 542 1599 ut
557 1545 689 1602 verum
703 1519 923 1628 diligentius
940 1522 1176 1631 inquiratur:

81 1628 246 1711 Interim
257 1628 397 1710 suadeo
413 1630 590 1710 omnibus
609 1629 764 1735 injurias
779 1628 905 1711 ferant
918 1635 1174 1741 potiusquam

83 1736 294 1820 humanum
341 1736 563 1846 sanguinem
611 1739 785 1845 quamuis
825 1740 1047 1821 nocentium
1087 1738 1176 1822 furi·

84 1845 191 1951 dant,
217 1859 263 1973 ot
280 1848 381 1931 illius
400 1847 497 1928 dieti
521 1844 617 1953 saepe
630 1848 889 1952 meminerint,
915 1849 1019 1963 Qud
1038 1847 1176 1933 dubitor

81 1984 126 2036 m
201 1978 279 2037 ern.
419 1998 423 2007 r
1058 1994 1061 1999 ·

137 1954 203 2163 fic·
232 2063 293 2162 Καὶ
303 2067 365 2149 ‘irre
380 2100 409 2144 aa
423 2052 584 2171 inoperire
602 2065 712 2170 μίλιον
722 2063 762 2152 ἓν,
794 2064 842 2144 Et
857 2066 1044 2175 quicunque
1064 2085 1097 2146 ta
1111 2080 1175 2146 rin·

80 2172 277 2283 gariaonit
291 2174 379 2254 mille
396 2174 541 2285 passm,]
568 2173 663 2255 Tria
677 2174 901 2282 injuriarum
913 2202 1052 2285 genera
1064 2178 1179 2260 Chri-

85 2288 159 2368 stus
192 2282 332 2393 ponit;
359 2285 525 2391 primum
554 2281 660 2391 quod
685 2282 725 2362 io
748 2310 885 2391 corpus
906 2284 1178 2390 committitur,

84 2390 249 2473 alterum
263 2392 368 2500 quod
386 2414 522 2474 contra
537 2392 596 2499 jus
610 2391 788 2493 dominii,
796 2393 951 2475 tertium
965 2395 1071 2504 quod
1086 2408 1179 2477 c'on·

84 2519 150 2584 tra.
165 2500 394 2583 libertatem.
434 2501 604 2605 Hebraei,
618 2526 666 2582 ex
687 2530 767 2609 quo
790 2500 983 2584 Persarum
1003 2505 1179 2610 potentia

81 2610 288 2695 Orientem
302 2606 504 2710 invaserat,
521 2609 647 2691 coaoti
664 2608 817 2696 fuerant
835 2612 935 2691 inter
951 2635 1086 2694 caetera
1100 2613 1180 2720 ejus

83 2715 232 2799 servitii
256 2717 500 2800 incommoda
523 2719 639 2799 etiam
661 2748 758 2801 onus
775 2720 953 2828 Angariae
974 2717 1086 2825 ferre,
1114 2744 1179 2802 cu·

81 2828 143 2937 joa
174 2828 397 2910 immunitas
423 2827 508 2934 ipfia
538 2830 561 2906 a
587 2829 792 2909 Demetrio
816 2826 983 2910 conceffa
1005 2830 1081 2909 est:
1134 2852 1179 2909 ut

82 2935 411 3048 apudJosephum
432 2936 563 3019 videre
585 2938 638 3019 est
664 2938 873 3125 Orifginum
905 2967 963 3034 13.
1003 2937 1100 3019 Inde
1123 2938 1179 3018 fu-

83 3048 194 3129 stum
217 3060 262 3127 nt
286 3048 341 3126 rei
380 3046 626 3130 vehementer
653 3072 727 3126 exo
744 3074 776 3125 ae
802 3072 944 3127 nomen
979 3046 1095 3127 etiam
1130 3046 1180 3130 ad

83 3155 252 3262 privatas
274 3155 498 3238 vexationes
519 3156 789 3261 producerent,
823 3176 868 3235 ut
893 3177 1052 3261 apparet
1077 3154 1180 3238 infra·

82 3287 146 3356 aa.
169 3292 227 3362 32.
266 3275 301 3349 δι
334 3291 381 3345 ex
404 3261 533 3344 multis
559 3266 812 3346 Hebraeorum
831 3264 1033 3370 Scripturae
1061 3264 1181 3347 inter·

83 3390 239 3481 precum
263 3373 366 3455 locis.
417 3379 548 3481 Atque
575 3373 616 3454 in
643 3398 733 3454 eum
750 3371 894 3454 sensum
922 3396 1057 3457 votem
1082 3374 1180 3456 hanc

88 3483 263 3567 Christus
278 3478 444 3587 usurpat.

142 3590 313 3678 inlusoria,
337 3590 569 3700 miiepoffirr]
612 3595 707 3674 Haec
724 3616 801 3670 una
817 3592 870 3672 est
889 3591 1019 3671 earum
1043 3598 1183 3676 vocum

139 3726 173 3782 ae
187 3727 273 3782 cum
287 3704 466 3782 Romano
481 3699 650 3806 Imperio
666 3720 744 3780 non
771 3699 810 3779 in
826 3703 1013 3781 Graeciam
1029 3721 1181 3781 tantum·

123 3808 151 3889 d
168 3810 259 3895 &in
276 3807 506 3891 Palaest‘inam
531 3827 801 3915 pervenerunt,
810 3836 923 3919 quam
941 3822 975 3895 ot
991 3816 1104 3913 Syrus
1115 3810 1180 3891 hic

85 3915 258 4026 usurpat,
284 3918 461 4025 upaffim
477 3920 732 3998 Hebraeorum
752 3917 936 4027 o'lagistri.
1017 4012 1019 4016 Α
1075 3916 1078 3921 ’
1144 4014 1147 4019 Ι

135 4020 262 4127 ‘'Tnam
270 4024 335 4134 atei
351 4026 440 4108 aba
460 4025 526 4109 iia.
556 4025 744 4111 Variacum
768 4026 823 4219 rgo
847 4034 880 4109 (ἐ
896 4028 974 4110 alia'
989 4024 1089 4127 duo]
1104 4098 1107 4103 .
1122 4032 1182 4208 {ot

716 4140 759 4223 H
1154 4140 1198 4208 ni
