2588 4448
225 159 444 294 Decalogi
452 153 1028 298 praeceptnmsecnndam.
1111 190 1178 292 41

81 306 242 425 insuper
256 315 402 398 aboleri
417 317 597 422 jubentur
614 317 737 399 Exod.
755 341 887 415 3413.
916 322 1035 398 Num.
1052 345 1068 416 3
1079 344 1109 414 3.
1125 347 1184 416 52⁴

87 434 208 508 Dent.
228 457 263 517 7.
281 455 313 521 5.
340 428 442 507 Cum
460 426 601 506 Pilatus
618 427 775 533 clypeos
792 427 832 504 in
846 426 1016 534 Templo
1033 427 1189 529 fixiffet,

75 534 210 647 ,Judaei
231 563 312 618 non
333 533 664 642 quieveredonec
686 535 930 637 tollerentur,
955 538 1046 644 quia
1072 539 1114 616 in
1138 536 1186 620 iis

87 665 201 726 erant
224 641 384 748 aesopo)
401 644 517 722 vultus
535 642 740 727 Caesarum.
796 653 848 725 Et
870 646 1044 769 trophaea
1061 653 1187 727 Hero·

80 754 153 837 dee
180 780 268 836 cum
290 750 486 854 statoiffet,
504 778 592 833 *non
620 754 725 860 prius
750 752 845 834 iram
873 756 1013 860 popuii
1038 755 1188 863 effugit,

84 890 205 973 quam
227 863 274 942 iis
293 861 447 943 nudatis
466 861 636 944 ostendit
656 864 779 943 nulias
804 861 859 942 ibi
884 863 1004 944 latere
1031 864 1187 971 effigies.

86 973 235 1082 Aquila
246 971 366 1053 etiam
379 997 491 1050 aurea
503 969 615 1079 supra
627 994 781 1078 portam
795 973 952 1078 Templi
967 976 1015 1054 ab
1028 972 1190 1055 Herode
1262 1022 1266 1030 ·

85 1081 227 1189 posita,
252 1101 434 1187 tanquam
447 1080 527 1189 legi
539 1108 768 1188 repugnans,
783 1079 932 1189 dejeeta
943 1083 1018 1171 est;
1046 1104 1189 1171 utnar·

90 1188 352 1306 ratJosephus
364 1188 495 1280 libay.
523 1195 662 1297 Neque
677 1217 768 1271 vero
783 1191 826 1270 in¹
840 1194 1009 1295 Templo
1025 1214 1197 1293 tamum5

88 1299 198 1408 quod
218 1301 361 1381 Tacito
371 1325 419 1380 ac
438 1297 563 1379 Dioni
577 1321 768 1401 notatum,
796 1297 859 1379 sed
879 1299 1024 1407 quovis
1043 1301 1121 1381 alio·
1146 1303 1189 1383 in

88 1409 182 1491 ioco
213 1407 354 1492 habere
380 1404 544 1512 sculptas
568 1408 821 1489 animantium
847 1408 1030 1520 imagines
1046 1408 1194 1516 Judaeis

89 1515 357 1600 interdimum.
398 1515 511 1617 Vide,
528 1513 556 1595 fi
581 1517 689 1616 libet,
713 1515 862 1599 mosem
878 1517 927 1598 de
948 1518 1071 1600 Kotzi
1088 1520 1127 1597 in
1144 1519 1191 1599 li·
1249 1552 1251 1558 ·

86 1629 175 1709 bro·
191 1631 256 1709 De
273 1625 472 1733 praceptis
494 1626 726 1732 jubentibus,
752 1638 787 1712 ὁ(
803 1627 1043 1735 negantibus,
1070 1632 1191 1736 &Jo-

87 1734 253 1844 sophum
270 1735 370 1817 Belli
380 1732 543 1843 judaici,
570 1735 596 1816 Ι.
611 1766 645 1814 2.
1173 1830 1176 1837 ,
1275 1814 1280 1829 ,

47 1907 49 1911 -
150 1850 300 1930 Contra
312 1845 412 1926 hanc
426 1845 563 1953 legem,
582 1841 766 1951 quamdiu
779 1843 912 1926 mmtfit
925 1844 1042 1955 Legis
1054 1844 1193 1928 fincti-

90 1975 164 2058 tas,
190 1954 325 2042 venire
343 1954 489 2036 nemini
501 1952 626 2057 licuit,
653 1953 722 2034 nisi
739 1960 829 2034 Deo
844 1952 913 2060 ipss
928 1954 1045 2063 Legis
1057 1957 1192 2037 condi-

88 2064 189 2165 tori,
209 2064 279 2173 qui
293 2061 441 2168 tibiipsi
454 2063 690 2169 exceptionis
707 2062 930 2170 potestatem
944 2091 1024 2143 non
1043 2062 1193 2143 ademe-

91 2195 170 2255 rat.
213 2183 251 2255 ls
263 2171 333 2252 sno
344 2174 429 2280 jure
443 2173 486 2253 in
503 2172 659 2275 Templi
684 2171 768 2279 ipso
786 2168 970 2278 penetrali
985 2173 1106 2252 iocari
1119 2172 1195 2280 jus·

91 2280 420 2382 nemausinos,
447 2281 562 2360 alatas
577 2282 748 2360 'humano
763 2279 904 2386 effigies
926 2282 1049 2374 voitu,
1077 2311 1127 2365 eo
1152 2283 1193 2365 in
1232 2294 1236 2300 '

88 2391 187 2474 ¹loco
207 2418 288 2501 quo
302 2388 404 2473 sotus
416 2387 599 2472 Pontifex
616 2390 807 2470 Maximus
823 2388 936 2468 seme'l
952 2419 1055 2472 anno
1077 2390 1196 2475 intra·-

91 2501 178 2606 bat,
204 2526 344 2608 gnarus
359 2527 442 2580 non
455 2497 571 2579 ineffe
587 2497 662 2580 illis
676 2499 816 2580 Divini
829 2499 988 2606 aliquid,
1002 2500 1065 2580 sed
1082 2499 1196 2609 signi·

90 2608 204 2692 ficari
220 2629 299 2709 aot,
326 2630 372 2690 ut
392 2608 506 2690 Philo
522 2605 660 2710 censet,
686 2607 899 2688 celerrimas
921 2610 998 2688 Dei
1024 2610 1196 2691 senones

93 2720 141 2800 in
165 2715 448 2800 benefaciendo
474 2717 600 2819 bonis,
626 2728 661 2800 ὅ(
681 2715 723 2796 in
744 2716 941 2823 puniendo
969 2718 1102 2817 malos,
1129 2740 1197 2800 aut

89 2827 207 2938 qnod
236 2827 477 2937 Angeiomm
498 2826 544 2911 ad
570 2854 807 2936 quaecunque
828 2827 945 2909 vellet
964 2825 1196 2932 paratiffimo

91 2936 313 3031 ministerio
337 2939 445 3019 Deus
469 2957 667 3038 uteretur,
701 2958 746 3015 ut
768 2932 896 3016 Moses
928 2934 1199 3042 simonides,

95 3044 244 3154 aliique
255 3045 425 3128 censent.
464 3045 573 3126 Talis
587 3045 765 3150 exceptio
785 3042 865 3128 fuit
885 3043 1002 3123 etiam
1016 3071 1100 3123 cum
1115 3051 1199 3125 Set·

94 3156 228 3267 petitis
257 3155 465 3264 imaginem
486 3159 592 3243 Deus
608 3153 712 3263 juffit
736 3153 847 3260 erigi.
903 3151 1197 3238 extraordinario

88 3282 261 3376 ΜΨ
278 3267 446 3376 Sapena‘s
456 3261 716 3369 fimilitadinem
740 3263 894 3365 induxit,
912 3263 968 3342 ait
990 3263 1199 3344 Tertullin-

97 3403 172 3458 nus
196 3378 264 3455 ³De
285 3373 525 3458 idololatria.
562 3372 684 3481 Quod
701 3401 796 3455 vero
819 3375 928 3453 labro
947 3397 1056 3453 aeneo
1074 3377 1199 3458 Boves

93 3497 135 3570 ὅ(
161 3490 316 3575 Leones
337 3484 476 3594 adjecit
490 3483 658 3584 Salomo,
685 3481 726 3564 id
751 3503 818 3563 aut
840 3485 929 3561 Deo
952 3481 1044 3562 fecit
1068 3483 1200 3587 praeci-

96 3592 247 3698 pietate,
258 3594 370 3675 antfi
385 3593 465 3677 Dei
484 3592 633 3676 veniam
646 3620 730 3673 non
740 3592 892 3695 habuit,
905 3590 1058 3672 initium
1074 3590 1198 3679 fuit&

102 3700 404 3812 gradusquidam
415 3702 463 3784 ad
472 3704 544 3783 alia
553 3731 639 3811 quae
650 3697 822 3810 peccavit
831 3702 1201 3810 postemquaeposte·

100 3810 189 3892 rior
201 3813 318 3922 magis
331 3814 458 3922 placet
475 3811 648 3922 Josepho
661 3810 792 3896 &aliis
810 3812 982 3892 Hebraeis
1003 3808 1202 3892 sententia.

158 3921 428 4011 Animantium
451 3921 614 4031 'sculptas
633 3918 818 4028 imagines
843 3949 929 4002 cnm
950 3919 1031 4000 dixi
1054 3920 1207 4019 vetitas,

99 4030 223 4120 enam
248 4031 378 4122 Sidera
396 4033 699 4141 comprehendo,
725 4033 817 4231 {uia
838 4052 990 4115 motum
1008 4026 1225 4215 {exstingn-z

1027 4150 1032 4174 ⁸
1148 4159 1241 4214 en.
