2588 4448
245 176 516 288 Sermonem
528 179 736 285 Domini.
775 177 929 285 Mart,
949 219 989 306 5.
1081 188 1179 304 187

81 345 291 455 aequitatis,
311 345 493 428 nimirum
507 365 552 427 ut
569 344 710 427 marito
724 343 923 454 aliquanto
945 365 1120 452 tempore
1139 343 1181 425 in

85 455 311 563 captivitate
325 455 484 536 detento
497 453 594 537 solvi
608 453 719 561 poffit
731 453 1030 534 matrimonium.
1059 454 1179 559 Qod

87 591 183 646 vero
197 566 333 647 Paulus
353 565 409 646 ait
437 595 453 641 1
477 564 658 645 Corinth.
685 594 718 654 7.
744 592 800 664 39.
840 590 994 645 manere
1020 559 1181 644 femmam

83 672 234 756 maritis
249 674 435 757 obnoxias
448 671 529 754 viti
545 691 737 773 manente,
751 673 798 753 ad
809 672 1066 755 divortiorum
1076 698 1182 779 quae-

82 782 249 864 stiunem
271 812 350 864 non
371 780 551 889 pertinet,
577 808 662 863 curu
685 779 784 862 nihil
806 779 910 862 aliud
938 781 994 901 ibi
1015 786 1179 902 probare

81 890 295 973 instituerit
309 892 446 972 Paulus
460 916 575 999 quam
598 889 698 971 ultra
721 912 883 972 mortem
903 910 1031 969 mauu
1046 916 1181 995 conju·

81 1001 173 1109 gale
196 999 390 1081 vinculum
404 1027 484 1080 non
494 997 663 1100 extendi,
683 1026 726 1081 ac
737 997 902 1105 proinde
914 996 1091 1080 secundas
1108 1026 1180 1079 nu·

84 1109 185 1216 ptias
200 1136 282 1190 non
297 1111 402 1189 reste
413 1109 596 1189 damnari.
614 1108 722 1210 Quin
734 1107 834 1189 idem
848 1107 1056 1215 Apostolus
1072 1106 1180 1208 alibi,

87 1245 305 1327 quanquam
327 1214 480 1299 diverso
505 1217 593 1318 fine,
619 1216 721 1298 idem
737 1215 979 1298 enuntiatum
997 1212 1180 1321 usurpans

89 1330 235 1434 Iegem
246 1324 363 1408 Mosrs
374 1327 468 1409 citat
481 1345 669 1426 autorem,
680 1329 932 1416 Romanor.7.
949 1356 979 1402 1.
1008 1316 1063 1403 Ὰϊ
1071 1328 1180 1433 Lege

85 1436 204 1517 Molis
222 1434 381 1517 dubium
403 1463 483 1515 non
503 1435 556 1515 est
568 1435 685 1515 etiam
701 1452 790 1514 ante
813 1456 978 1516 mortem
992 1431 1180 1538 poiledi-

82 1546 222 1626 vortio
240 1542 476 1626 connubium
499 1541 639 1625 dirimi.
681 1540 755 1624 Sed
767 1541 815 1623 ad
828 1542 972 1626 Christi
990 1541 1107 1631 verba
1121 1566 1180 1622 re-

83 1652 254 1735 deamus.
292 1651 401 1733 Dicit
421 1652 451 1734 is
468 1650 646 1732 adulterii
671 1649 830 1731 crimine
854 1650 977 1733 teneri
1004 1674 1090 1732 eum
1111 1648 1181 1759 qui

86 1762 275 1843 dimitiam
289 1759 437 1868 arripit,
464 1789 544 1841 non
565 1759 685 1842 modo
704 1760 794 1867 quia
816 1758 1002 1842 festinatae
1015 1760 1099 1863 post
1120 1759 1180 1840 di-

88 1870 261 1953 vortium
280 1869 425 1977 nuptiae
443 1867 623 1975 suspedlae
639 1869 711 1949 elle
725 1865 850 1950 solent
861 1890 967 1952 retro
981 1867 1180 1953 adulterii:

83 2009 168 2091 quo
190 1975 692 2089 spedlansMartialisdixit‚
765 1994 768 2000 '
1037 2002 1064 2021 ··
1132 1976 1146 2018 ·’

278 2086 379 2167 toties
393 2115 466 2196 qua
484 2083 581 2166 nubit
605 2086 764 2168 adultera
777 2089 848 2194 lege
866 2084 937 2194 est:
1030 2134 1033 2147 ·

198 2195 357 2302 Offiador
379 2194 504 2277 machir
512 2194 714 2306 fimplicr‘ore
738 2196 864 2276 minus.

89 2308 144 2387 Et
161 2304 318 2408 Minius,
787 2374 791 2383 .

197 2413 345 2495 Habent
363 2416 469 2496 locum
484 2412 658 2497 malediili
680 2414 802 2497 crebre
816 2412 950 2527 nuptia.

86 2530 234 2609 Verum
260 2525 375 2605 etiam
388 2526 481 2647 quia
505 2524 734 2607 adulterium
755 2526 808 2606 e'st
823 2523 925 2634 apud
937 2527 1063 2605 Deum
1077 2529 1182 2635 quic-

83 2630 450 2740 quidmatrimonro
472 2631 704 2738 adversatur,
729 2640 855 2743 n'eque
878 2633 1053 2715 multum·
1065 2634 1185 2719 refert

87 2748 263 2825 amorem
288 2743 375 2851 quis
398 2741 740 2852 conjugidebitum
765 2741 1050 2847 inse-derivet,
1074 2742 1186 2853 quod

89 2847 322 2947 adulterium
338 2852 412 2933 effe
429 2851 573 2934 etiamst
588 2852 697 2934 amus
717 2880 797 2935 non
811 2849 988 2961 sequatur
1002 2853 1081 2961 jam
1096 2872 1185 2932 ante
1245 2882 1248 2887 ·

88 2961 282 3067 apparuit,
297 2988 345 3041 an
361 2986 453 3044 vero
465 2959 584 3044 semet
598 2963 823 3071 interponat
838 2986 888 3042 ne
903 2956 987 3066 post
1000 2957 1186 3067 friguscu·⁸

86 3066 171 3149 lum
191 3095 302 3151 amor
324 3069 452 3152 redint
501 3092 619 3152 retur.
673 3068 745 3152 Sed
763 3069 844 3152 haec
868 3095 954 3178 quae
977 3069 1039 3150 de·
1052 3067 1185 3152 divor·

90 3176 156 3265 tiis
170 3176 255 3291 ¹diui
283 3179 368 3283 post
389 3097 852 3288 Erffiumssajetanum,
875 3176 1131 3277 Catharinum
1147 3189 1185 3265 dt

84 3286 200 3391 aliua²
222 3312 275 3391 ea
287 3284 370 3367 dixi
391 3286 522 3371 animo
535 3309 579 3371 ut
604 3288 678 3396 piis
698 3285 918 3381 &eruditis
946 3283 1186 3369 occationem

86 3396 219 3481 darem
235 3394 292 3475 rei
305 3393 538 3505 diligentius·
554 3396 804 3481 excutiendae
827 3393 942 3499 Nihil
955 3394 1187 3501 defiuio‚-ni·

89 3503 150 3583 uit
165 3502 261 3601 certi
283 3505 509 3609 pronuntio.
565 3508 700 3592 Valeat
718 3503 905 3587 indubio
927 3528 974 3585 ea
997 3500 1189 3589 stutentia

91 3638 176 3718 quae
191 3610 323 3719 uuam
349 3613 513 3697 maxime
541 3610 708 3697 sand’tam
744 3612 1067 3698 &inconcullam
1101 3608 1188 3699 uult

88 3719 164 3801 elle
180 3719 558 3825 matrimoniifidem,
583 3751 633 3806 ne
654 3745 799 3805 temere
814 3747 1032 3830 rumpamus
1053 3722 1189 3810 vincu-

89 3829 171 3912 lum
192 3833 217 3911 *a
240 3834 331 3913 Deo
352 3830 583 3916 institutum.

587 3994 711 4129 Aaz
842 3996 920 4121 ..
1013 4047 1188 4133 ΜΑΤΤ.
