2588 4448
235 111 506 215 Sermonem
524 107 733 211 Domini.
752 95 937 214 cffilatt·
943 145 983 235 5.
1052 146 1151 245 229

60 282 216 345 tumen
232 263 307 347 fine
321 283 491 372 apparet,
534 261 749 362 Quomodo
772 263 893 373 igitur
912 288 998 372 quae
1022 260 1072 344 de
1095 264 1154 344 nl-

62 373 175 456 tione
192 370 299 455 diua
327 371 457 455 sunta
484 371 639 456 Christo
665 371 714 453 ad
747 401 828 455 rem
853 371 952 455 adeo
967 370 1153 455 diversam

62 480 347 588 producentur?
374 480 511 563 Dicam
523 481 668 590 aliquid
685 482 858 589 amplius.
888 480 972 590 Ipsa
986 480 1054 562 illa
1068 479 1155 589 sup·

62 588 182 696 plicia
203 588 363 673 ultiouis
388 590 462 671 srv'e
483 590 536 678 oie
549 588 709 697 τιμωρίας
730 590 839 697 quod
858 591 1011 692 attinet,
1037 589 1155 684 Chri·

60 697 109 792 sti
128 719 322 805 precepto
347 697 378 781 is
393 699 461 809 qui
480 694 585 795 laesus
612 699 731 797 estet
746 700 900 809 exigere
922 698 1070 783 doloris
1097 725 1157 781 re·

59 805 239 915 ponendi
261 808 371 890 causi
399 807 644 916 prohibetur,
670 836 749 890 non
782 807 1009 915 prohibetur
1026 806 1155 919 Judex

60 913 88 997 fi
110 915 317 1024 exigantur
336 925 442 1025 Lege
456 920 578 1025 agere.
616 920 718 999 Nam
733 919 910 1001 manebat
925 917 1047 999 adhuc
1065 925 1156 999 Mo·

62 1022 109 1106 sn
135 1029 222 1120 Lex
252 1045 358 1128 tota,
391 1052 505 1135 quant
541 1024 713 1110 Christus
763 1026 938 1108 rofitetur
968 1024 1044 1107 hoe
1070 1022 1156 1134 ipso

67 1128 240 1215 sermone
260 1141 283 1229 ‚a
309 1135 348 1215 se
372 1135 475 1216 nulld
498 1134 538 1215 in
559 1157 666 1243 parte
686 1052 857 1244 iniiingi.
911 1141 1066 1216 Poterat
1088 1162 1155 1214 au·

67 1263 147 1337 tem
172 1243 345 1325 Christus
369 1242 471 1328 salui
500 1249 607 1352 Lege
635 1244 821 1350 imperare
853 1240 949 1325 laeso.
967 1269 1017 1322 ne
1041 1243 1156 1323 talio·

66 1376 156 1432 nem
181 1352 408 1461 postularet:
434 1351 525 1458 quia
548 1353 624 1433 hoc
647 1357 731 1433 Lex
755 1353 811 1433 illi
835 1379 916 1434 non
935 1351 1161 1457 imperabat,

62 1460 129 1542 sed
147 1462 395 1564 concedebat,
408 1462 505 1541 nihil
519 1483 645 1542 autem
659 1480 795 1542 contra
816 1468 875 1544 Le
902 1487 964 1541 ern
982 1457 1075 1541 facit
1088 1460 1158 1568 qui

63 1569 242 1652 conceffo
268 1599 348 1651 non
372 1569 506 1652 utitur.
545 1575 598 1652 At
611 1569 736 1679 Judici
767 1488 1010 1672 interdicere,
1038 1595 1088 1649 ne
1104 1565 1159 1647 se·

68 1676 235 1763 cundum
248 1685 395 1786 Legem
410 1678 613 1787 judicaret,
639 1679 824 1761 incolumi
850 1680 933 1870 lege
952 1687 1032 1760 non
1048 1696 1159 1783 pote-

67 1804 139 1874 rat
159 1785 265 1893 Qia
280 1814 360 1869 non
380 1788 627 1895 permittebat
638 1788 712 1870 hoc
726 1795 810 1870 Lex
822 1794 873 1896 Ju
902 1791 968 1872 icis
983 1784 1170 1887 arbitrio‚'

65 1890 130 1974 sed
141 1893 318 1999 ‚distridte
336 1908 371 1982 u
387 1896 516 1980 addite
534 1895 836 1980 comminatione
849 1899 925 1980 hoc
940 1897 976 1978 ei
998 1896 1160 2003 impera·

66 2001 147 2108 bat,
167 2024 213 2084 ut
225 2003 356 2088 videre
369 2005 422 2085 est
439 2026 521 2088 tum
541 2006 646 2108 alibi,
669 2024 750 2088 tum
775 2003 982 2113 praesertim
995 2011 1159 2098 Denter.

72 2142 134 2212 ¹9·
147 2142 207 2193 21.
245 2113 415 2197 Pertinet
433 2135 560 2196 autem
586 2115 661 2198 hoc
675 2135 939 2223 argumentum
964 2112 1082 2194 etiam·
1103 2109 1160 2192 ad

71 2218 204 2329 capitis
222 2221 387 2336 Judicia.
428 2226 531 2305 Nam
554 2223 602 2305 ad
629 2250 674 2307 ea
700 2247 856 2333 quoque
873 2221 1049 2333 Judicem
1074 2226 1159 2304 Lex

71 2328 279 2438 obligabat,
291 2330 361 2413 nist
383 2352 569 2440 quatenus
587 2331 627 2415 vi
643 2334 800 2443 majore,
810 2351 855 2413 ut
870 2350 963 2438 puta
974 2332 1161 2438 potestate

68 2443 364 2543 Romanorum,
398 2441 684 2547 prohibebatur.
731 2447 862 2549 Quare
892 2467 979 2523 cum
1005 2450 1041 2524 ἃ
1074 2445 1161 2522 Lex

69 2546 214 2639 Christi
231 2548 355 2630 statim
377 2572 421 2630 ut
442 2550 684 2659 promulgata
706 2570 789 2632 erat
802 2548 996 2632 auditores
1013 2546 1161 2653 obliga-

69 2656 233 2759 verit&
243 2658 710 2766 Lex·M0s1se0temp0re
726 2688 806 2740 non
820 2657 939 2739 fuerit
952 2654 1163 2764 antiquata,

71 2761 242 2873 sequitur
266 2788 309 2850 ut
327 2767 479 2874 utrique
492 2767 601 2849 simul
624 2768 748 2874 pareri
765 2768 947 2874 potuerit.
1001 2761 1162 2869 Qodti

70 2892 247 2981 tempore
269 2877 591 2983 promulgationis
609 2878 725 2958 verba
742 2875 885 2959 Christi
900 2903 981 2959 non
1003 2871 1162 2956 obstite-

71 3003 165 3064 runt
188 2983 349 3090 publicis
361 2984 524 3093 judiciis,
544 3012 705 3066 nenunc
724 2983 879 3093 quidem
901 2985 1049 3066 obstare
1073 2975 1161 3085 pos-

70 3088 170 3172 sunt.
208 3099 341 3176 Manet
362 3093 464 3174 enim
488 3118 533 3176 ea
559 3120 646 3202 qnae
673 3094 790 3176 initio
811 3091 937 3175 fuerat
951 3091 1161 3174 verborum

69 3195 269 3280 sententia.
312 3206 395 3299 Nec
420 3203 472 3283 est
498 3202 812 3312 quodquisquam
838 3222 989 3310 regerat
1008 3197 1162 3281 excidio

63 3305 233 3423 Judaicae
258 3310 497 3417 Reipublicae
520 3313 620 3420 leges
644 3313 759 3401 Mofis
782 3310 1007 3398 concidiffes
1037 3333 1162 3416 neque

70 3415 177 3498 enim
188 3415 229 3497 id
244 3418 426 3526 quaeritnr
437 3446 539 3501 anex
548 3420 714 3529 Legibus
724 3417 1163 3528 Mosrsjudicaridebeat

38 3526 40 3533 ’
71 3524 202 3606 inillis
218 3528 574 3636 populisquosLex
587 3527 702 3613 Mofis
731 3557 780 3610 ne
796 3549 889 3611 tunc
907 3529 1064 3635 quidem
1090 3528 1162 3608 ob-

70 3634 225 3721 strinxit
244 3663 329 3716 cum
352 3637 622 3744 publicaretur,
634 3637 700 3720 sed
721 3666 770 3719 an
789 3665 875 3720 curn
901 3637 1045 3721 Christi
1069 3661 1164 3742 pne-

70 3769 114 3825 ce
144 3763 188 3825 to
215 3771 267 3851 pu
297 3764 361 3827 net
387 3767 454 3827 aut
476 3746 624 3830 easdem
638 3769 705 3828 aut
729 3746 863 3829 similes
887 3755 1010 3856 Leges
1036 3745 1164 3851 figere.

65 3771 177 3936 ⁴lliiad
198 3772 351 3960 quidem
373 3876 518 3939 certum
536 3859 602 3958 est,
629 3855 903 3964 supervacuum
917 3859 991 3939 effe
1013 3875 1058 3934 ut
1072 3854 1165 3972 tales

71 3966 198 4091 Leges
223 3957 395 4061 ferantur
416 3963 457 4078 iu
480 3993 547 4053 eos
570 3965 702 4081 quiex
725 3965 869 4081 Christi
888 3968 1028 4079 ¹uiuunt
1052 3957 1165 4153 dliscff·

1044 4096 1162 4176 pina.
