2588 4448
267 161 537 266 Sermonem
554 156 761 261 Domini.
792 154 944 262 Matr.
966 194 1002 279 5.
1076 188 1174 292 247

73 314 273 424 -negied’tis
288 319 447 398 Naturae
468 327 503 400 ὅ(
526 314 706 399 Caritatis
725 312 882 422 legibus,
906 315 1021 397 etiam
1039 315 1178 399 horum

84 429 293 507 verborum
317 422 462 504 sensum
486 425 524 503 in
543 423 660 505 Mofis
673 429 779 530 Lege
802 425 945 503 exstare
974 451 1054 504 non
1070 423 1183 506 dubi·

91 554 224 614 tamus.
278 535 464 649 Jubentur
486 532 642 639 quidem
666 531 706 610 in
734 535 775 612 ed
801 536 908 639 Lege
928 533 1051 643 Judaei
1068 535 1182 614 bene·

88 641 176 724 ficia
189 642 359 749 quaedam
374 639 547 750 vulgaria
555 640 731 748 praestare
741 638 855 722 etiam
870 642 1044 744 inimicis,
1055 642 1184 723 Exodi

84 779 145 847 ²3·
165 782 203 846 4.
232 749 293 832 sed
321 747 569 860 popularibus
596 747 751 849 scilicet,
776 750 883 857 quod
903 750 1062 832 collatus
1078 751 1184 833 locus

82 858 151 967 qui
180 860 235 940 est
257 865 376 941 Deut.
396 891 455 938 22.
474 889 508 940 ι.
534 880 707 968 apertum
735 854 841 939 facit.
896 859 1070 955 Rursum,
1088 887 1182 944 vero

79 962 225 1051 Exodi.
247 997 301 1067 34.
319 1000 377 1051 ιι.
408 980 445 1053 δι
471 969 688 1059 Deut.7.1.
716 987 895 1048 vetantur
916 967 1069 1048 Hebraei
1093 996 1181 1050 cum

84 1073 229 1182 septem
264 1078 340 1161 illis
366 1077 533 1184 populis,
559 1085 728 1174 Hermo,
755 1071 965 1184 Girgasaeo,
991 1084 1183 1180 Emoraeo,

86 1188 297 1288 cananaeo,
313 1187 495 1289 Perizaeo‚
515 1184 737 1287 Choana
754 1181 941 1297 Jebusaeo,
957 1183 1181 1268 affinitatem

82 1291 260 1404 jungere²
284 1293 393 1376 fedus
424 1292 559 1395 facere,
594 1315 661 1374 aut
690 1294 971 1373 etiam-eorum
999 1292 1180 1378 misereri.

84 1404 280 1485 Habemus
304 1430 399 1510 ergo
423 1403 558 1508 hostes,
584 1403 763 1483 habemus
791 1400 988 1503 modium,
1018 1430 1099 1482 non
1123 1425 1180 1484 ta-

83 1538 175 1591 men
199 1509 379 1613 ferinum,
405 1508 468 1592 sed
498 1510 609 1592 certis
637 1510 820 1591 limitibus
842 1506 1176 1616 circumscriptum.

83 1624 188 1702 Nam
202 1619 261 1702 his
275 1621 360 1730 ipsis
369 1621 520 1726 populis
532 1620 634 1728 pacis
645 1619 885 1702 conditiones
895 1617 1024 1699 offerri
1041 1620 1179 1701 deboc⁴

88 1748 192 1832 runt,
216 1751 273 1832 ut,
299 1729 326 1811 fi
348 1730 503 1829 vellent,
530 1727 691 1808 exitium
711 1729 910 1809 imminens
927 1728 1108 1833 servitute
1121 1754 1179 1810 re··
1246 1794 1249 1798 a

87 1836 297 1927 dimerent;
325 1838 646 1946 quemadmodum
663 1841 768 1920 reete
786 1837 834 1916 ab
859 1836 1031 1919 Hebraeis
1057 1868 1178 1920 annos

88 1965 208 2027 tatum
226 1952 279 2028 est
299 1947 346 2028 ad
364 1947 492 2027 locum
515 1953 633 2028 Dent.
648 1979 706 2029 20.
724 1979 782 2027 10.
824 1952 875 2026 Et
894 1947 999 2050 quod
1015 1948 1100 2052 post
1113 1975 1179 2054 pa·

85 2081 169 2134 cem
200 2057 436 2162 repudiatam
461 2053 537 2135 fine
568 2056 645 2136 ulle
666 2057 778 2138 venia
805 2054 984 2162 jubentur
1010 2055 1177 2135 interno·

87 2163 198 2244 cione
219 2165 352 2265 deleri,
377 2166 424 2247 ad
443 2165 521 2271 ejus
545 2164 666 2245 aetatis
690 2164 878 2262 homines,
905 2189 984 2242 non
998 2165 1112 2244 etiam
1130 2164 1182 2245 ad

86 2297 223 2354 eorum
239 2277 407 2380 posteros
418 2273 603 2378 pertinet:
632 2283 719 2354 nam
735 2301 800 2354 eos
815 2272 855 2352 in
873 2267 1092 2358 servitutem
1109 2278 1178 2356 Sos

85 2379 196 2462 lomo
224 2385 366 2489 recepit
392 2380 647 2463 laudatissimis
673 2383 801 2490 Regni
832 2378 888 2460 sui
923 2383 1180 2489 temporibus,

89 2522 107 2568 ι
127 2496 235 2598 Reg..
248 2528 280 2592 9·
301 2524 359 2572 20.
415 2492 486 2572 His
509 2489 651 2597 septem
678 2490 830 2597 populis
854 2489 1000 2570 asscribi
1025 2492 1179 2598 possunt

88 2599 321 2699 Amalecitae‚
349 2600 391 2683 in
413 2629 509 2707 quos
527 2601 681 2679 Hebraei
699 2600 879 2711 jubentur
893 2597 1031 2679 habere
1045 2594 1178 2704 adaspios

88 2704 251 2788 ἴιωνιυὸιν-
268 2709 384 2786 besam
410 2712 628 2818 impacatum,
654 2729 924 2815 atqueeorum
952 2709 1178 2788 memoriam

88 2813 214 2921 delere
236 2815 422 2919 funditus,
448 2817 573 2902 Exodi
600 2848 658 2908 17.
685 2837 744 2897 ιι.
773 2821 891 2898 Deut.
912 2845 1045 2916 25.19.
1070 2816 1183 2923 ¹quod

88 2923 223 3006 itidem
250 2923 540 3034 intelligendum
565 2928 676 3031 puto,
702 2947 746 3004 ut
773 2946 841 3005 aut
860 2922 1061 3005 occidione
1078 2925 1179 3004 deie-

88 3055 235 3136 rentur‚
262 3057 328 3116 aut
343 3035 607 3117 dedititiorum
621 3031 738 3114 essent
752 3060 924 3113 numero.
979 3033 1182 3114 Ammoni-

89 3159 214 3224 tarum
238 3144 554 3229 &Moabitarum
578 3141 695 3248 paulo
721 3143 793 3222 effe
815 3143 889 3223 alia
904 3140 1180 3232 videturratio.

87 3253 191 3333 Nam
216 3253 321 3360 quod
344 3251 393 3332 de
407 3253 481 3332 illis
503 3251 650 3359 dicitur
667 3256 783 3333 Dent.
801 3280 858 3346 23.
877 3268 912 3332 6.
942 3251 1063 3331 nolim
1089 3279 1174 3330 cum

87 3361 261 3442 Hebraeis
285 3359 592 3468 quibusdameits
619 3360 738 3466 accipi
761 3357 864 3467 quasi
893 3387 997 3440 arma
1023 3360 1097 3442 illis
1123 3360 1183 3440 in-

88 3465 181 3549 ferri
197 3468 348 3579 possent
362 3468 577 3577 priusquam
596 3468 643 3548 ad
659 3496 787 3575 pacem
809 3469 1075 3550 invitarentur.
1103 3474 1184 3552 Ne·

90 3605 164 3685 que
177 3580 282 3659 enim
297 3579 358 3685 jus
375 3579 492 3657 ullum
509 3577 681 3659 Hebraeis
704 3583 809 3659 Deus
834 3576 874 3658 in
890 3577 1044 3659 illorum
1059 3606 1184 3686 popu-

88 3685 218 3767 lorum
238 3709 355 3767 terras
373 3687 613 3787 concesserat,
641 3708 685 3767 ut
700 3685 822 3794 liquet
835 3690 953 3766 Deut.
968 3719 1001 3764 1.
1016 3719 1073 3789 19.
1111 3687 1184 3767 Sed

89 3795 357 3904 necJephthes
372 3794 606 3876 Ammonitis
618 3795 758 3874 bellum
771 3795 906 3875 intulit
919 3793 987 3876 nist
1005 3799 1088 3900 post
1100 3817 1184 3877 ten·

89 3923 189 3985 tatas
208 3928 325 4008 aequae
354 3904 454 4009 pacis
472 3904 565 4005 vias,
586 3903 710 4010 ¹lodic.
728 3935 787 3984 ιι.
805 3930 865 4002 14.
899 3915 934 3988 bt
957 3905 1088 3989 David
1116 3933 1184 4010 pa-

92 4039 173 4094 oem
198 4039 284 4096 cum
304 4013 348 4094 iis
364 4012 529 4113 servavit
546 4011 661 4119 usque
681 4010 773 4122 dum
785 4011 1021 4108 atrocissimis
1037 4013 1185 4200 pnjupiis

98 4166 107 4177 ·
143 4147 148 4155 ·
1053 4149 1112 4204 acc
1147 4151 1184 4201 e·
