2588 4448
92 165 196 268 206
399 159 756 265 Adnotationes
780 160 853 262 ad

92 309 349 418 Refiaiiionem
369 315 524 424 quidam
544 327 582 403 δι
595 311 728 404 mcxiii
745 308 1004 425 copulationem,
1033 330 1175 416 vocant,

90 420 160 611 pbi
174 451 252 506 vox
271 425 402 507 eadem
417 423 603 508 continuo
619 424 809 534 reperitur
822 420 1036 532 fignificatu
1053 421 1178 531 paulu·

109 556 173 613 um
191 551 341 615 mutato
380 552 424 614 ut
911 610 914 615 .

203 644 264 722 Ex
286 592 355 723 illo'
365 638 525 750 Corydon,
552 638 691 722 Corium
713 638 760 750 est
781 655 924 750 tempore
938 633 1050 722 nobs.

93 745 163 830 'Ad
190 749 283 828 illam
315 747 419 828 diem
438 752 630 831 Memmius
649 769 728 829 erat
752 749 954 850 Memmius,
979 759 1017 834 δε
1040 743 1180 830 fimilia.

95 859 199 940 Nam
231 856 360 966 priore
385 858 472 940 loco
498 858 546 957 vai
572 861 715 943 diuum
742 856 769 939 st
799 857 949 961 nificat,
975 854 1180 963 posteriore

94 961 243 1082 fantum
267 966 389 1072 ipsum
407 966 514 1074 quod
536 966 647 1049 dieto
667 885 910 1075 significatur.
964 970 1026 1044 lta
1052 963 1182 1047 Paulus

95 1074 338 1182 Detprnmiffa
352 1079 390 1157 in
411 1073 535 1182 chresto
549 1077 605 1157 ait
620 1076 693 1156 effe
711 1074 759 1170 vai
782 1080 909 1159 nCor.
928 1105 960 1155 1.
979 1104 1042 1154 21.
1071 1097 1183 1162 vocuz

94 1179 173 1262 lam
194 1182 292 1265 hanc
307 1184 639 1293 posterioreqnem
664 1182 746 1266 dixi
770 1183 978 1292 significatu
993 1178 1185 1289 usurpans,

95 1289 142 1371 ut
152 1290 476 1376 indicaretomnia
487 1292 664 1400 promissa
675 1319 744 1400 per
755 1291 876 1400 ipinm
886 1289 1058 1399 impleri.
1071 1285 1185 1398 Qud

97 1420 225 1484 autem
243 1401 292 1486 de
312 1403 360 1498 vai
381 1402 555 1504 diximus,
582 1402 683 1485 idem
709 1402 756 1482 de
774 1400 797 1483 κ’
816 1402 953 1484 vocula
969 1397 1183 1507 intelligen-

98 1506 191 1590 dum
211 1509 285 1600 est;
312 1536 449 1617 nempe
462 1537 543 1592 eam
556 1535 712 1621 quoqne
724 1509 892 1618 primum
906 1533 979 1616 pro
991 1507 1091 1589 nota
1102 1533 1181 1615 pro-

99 1617 196 1700 miffi
222 1621 409 1726 negantis,
434 1619 574 1702 deinde
603 1647 675 1728 pro
707 1618 848 1701 effectu
871 1616 978 1726 poni.
1034 1615 1102 1698 Est
1124 1641 1184 1696 au·

100 1744 179 1807 tem
193 1727 340 1809 locutio
354 1728 433 1810 haec
452 1749 497 1808 nt
511 1729 700 1836 pleraque
717 1727 801 1809 aliae
814 1724 959 1810 Christi
971 1736 1009 1810 bt
1023 1725 1187 1832 Aposto-

100 1833 228 1914 lorum
241 1834 361 1915 sumta
375 1862 421 1916 ex
435 1836 566 1917 medio
578 1835 647 1917 usu
659 1836 813 1917 illorum
828 1857 1063 1942 temporum.
1089 1837 1186 1916 Nam

99 1960 147 2022 ut
167 1944 216 2024 ab
232 1943 314 2024 aliis
326 1965 502 2026 notatum
515 1943 580 2046 est,
597 1944 881 2053 wupnfententia
893 1966 976 2024 erat
989 1926 1183 2043 tritiffimn

102 2049 175 2135 Τῶν
193 2046 324 2135 uuidar
344 2046 392 2150 vai
414 2054 455 2139 in
476 2052 534 2150 tui,
562 2047 589 2138 d
612 2055 639 2132 ἕ
655 2055 709 2138 inv
732 2051 766 2142 ἐ,
787 2049 961 2161 Justorum
974 2048 1044 2151 fiet
1062 2047 1188 2159 (Μή,

101 2164 139 2238 &
156 2189 222 2241 non
235 2159 286 2269 est
302 2192 380 2244 non.
422 2166 570 2247 Contra
585 2187 750 2269 quorum
763 2161 865 2243 facta
877 2160 993 2242 dietis
1005 2158 1189 2266 diicrepa·

102 2267 209 2374 bant,
235 2271 336 2374 apud
356 2272 427 2352 hos
442 2271 638 2352 dicebatur
662 2270 734 2351 effe
759 2268 807 2367 vai
824 2274 852 2386 g
868 2268 970 2365 u'fiet
990 2273 1027 2348 (ὅ
1048 2296 1128 2370 non,
1151 2263 1189 2349 id

102 2375 156 2457 est
179 2376 226 2472 rai
240 2377 287 2486 est
302 2379 362 2459 vel
372 2378 438 2479 fiet
458 2376 626 2484 ipsorum
644 2377 839 2461 dicebatur
863 2379 936 2462 esse
962 2373 984 2457 κ’
1004 2403 1088 2477 non,
1113 2371 1190 2463 &ri

105 2513 171 2565 non
195 2485 391 2568 dicebatur
418 2486 490 2568 effe
509 2485 558 2584 vai
581 2487 627 2596 est
652 2490 715 2571 vel
727 2486 807 2589 fiet,
831 2514 912 2596 qno
928 2482 1114 2594 loquendi
1127 2508 1187 2592 ge·

104 2620 197 2677 nere
216 2597 352 2677 Paulus
363 2595 485 2678 utitur
499 2597 607 2679 diuo
620 2596 709 2678 loco
726 2599 849 2677 2Cor.
865 2625 898 2675 1.
915 2608 1050 2695 18.19.
1079 2592 1188 2701 idque

103 2701 228 2810 ipsum
243 2704 422 2813 explicat,
447 2731 533 2788 cum
551 2729 666 2814 negat
686 2709 723 2785 se
736 2705 911 2815 23⁰in
926 2698 1093 2812 ἐλαφρίᾳ
1111 2699 1191 2783 ieni-

102 2830 176 2946 tape
187 2812 291 2954 psum
318 2815 446 2897 Festus
459 2814 508 2897 ad
520 2841 653 2897 vocem
665 2841 809 2935 mecum
826 2850 838 2905 3
854 2809 1192 2933 Qidamforaeco

104 2924 423 3152 'tarmtb‘
440 2917 1194 3153 ffiemmmffi

104 3139 298 3224 codrcibua
320 3138 419 3221 male
433 3160 556 3248 repetr
578 3139 625 3238 rai
649 3153 684 3226 bt
709 3141 742 3231 ἐ,
770 3166 855 3221 cum
880 3134 996 3218 semel
1009 3134 1195 3222 duntaxat

104 3250 284 3353 ponenda
306 3247 475 3332 fuerint:
502 3276 719 3358 quanquam
741 3268 911 3332 veterum
932 3244 1004 3326 effe
1024 3254 1190 3331 errorem

104 3354 352 3442 librariorum
365 3356 413 3439 ad
431 3356 659 3444 Matthaei&
677 3357 812 3469 Jacobi
835 3359 919 3439 loca
931 3351 1190 3460 imprudenter

102 3461 386 3574 respicientium
408 3493 455 3548 ex
479 3471 577 3571 Syro
596 3477 633 3553 bt
648 3467 775 3550 Arabe
791 3463 1068 3573 interpretibus
1083 3490 1194 3574 appa·

105 3591 180 3657 ret.
217 3579 317 3662 cnm
349 3603 443 3661 vero
464 3575 524 3673 voi,
552 3594 597 3657 ut
620 3587 655 3660 ἃ
679 3574 790 3683 hujus
812 3575 887 3657 loci
904 3573 1198 3658 cohaerentia&

103 3683 213 3766 Pauli
227 3687 343 3771 verba
360 3684 579 3790 ostendunt,
605 3681 653 3767 ad
675 3682 871 3786 {muman
889 3681 1056 3792 promiffit
1081 3682 1198 3790 pert-i·

104 3811 233 3897 neat‚›
254 3792 397 3876 rectius
420 3792 562 3878 Latine
581 3821 650 3903 per
679 3790 727 3902 est
752 3789 1010 3875 transferetur.
1065 3791 1198 3877 senus

104 3901 314 3985 verborum
337 3901 482 3991 Christi
506 3905 572 4005 est,
597 3902 732 3987 Fidem
758 3900 914 3986 anobis
927 3898 1105 4096 praestari
1131 3899 1194 3982 de·

103 4009 196 4128 bete
214 4011 256 4098 in
273 4007 460 4130 prpmiffis
474 4013 590 4182 etiam
604 4011 792 4126 injunctis,
816 4009 926 4122 perin
953 4008 1105 4229 eiquafi
1128 4009 1198 4204 'nug
