2588 4448
157 154 259 278 248
500 145 859 252 Adnotationet
875 147 950 249 ad

156 300 407 402 incoleretur,
433 304 569 383 asam.
586 331 643 382 10.
694 305 826 407 Quare
852 298 928 382 illis
949 298 1238 383 Deuteronomii

159 411 285 493 verbis
303 407 382 493 sola
395 406 523 492 federa
537 407 727 518 mppaaxlat
736 407 983 514 confitemimi
998 435 1178 487 armorum
1190 433 1240 491 re·

156 521 231 601 tari
244 518 435 619 existimo,
451 539 531 619 aut,
547 541 591 598 ut
608 519 675 602 alii
687 517 842 619 volunt,
852 516 1053 625 prohiberi
1069 515 1241 599 israelitas

155 654 285 736 pacem
303 630 352 707 ab
368 626 444 709 illis
457 629 627 736 poscere,
652 625 751 709 llilli
765 627 907 709 bellum
928 624 1175 734 coeptiffent.
1229 672 1232 677 ·

240 737 421 823 Videmus
445 736 567 843 igitur
592 733 791 846 quousque
824 735 980 819 Hebraei
1010 734 1103 817 illos
1131 762 1240 842 popu

153 845 215 925 los
247 844 392 948 odille,
429 866 497 926 aut
531 846 672 949 etiam,
709 866 753 927 ut
784 840 909 929 Moses
941 843 1120 953 loquitur
1144 842 1238 927 diuo

154 951 456 1035 Deuteronomii
474 954 575 1056 loco,
600 954 815 1037 abominari
843 954 1058 1060 potuerint.
1115 952 1237 1061 Neque

156 1089 250 1144 vero
265 1084 519 1170 eapraecepta
537 1091 623 1145 cum
636 1070 743 1172 Lege
756 1068 916 1149 Natutae
935 1082 1140 1171 pugnant3
1167 1088 1241 1144 nam

156 1194 200 1251 ut
223 1170 349 1254 sontes
367 1171 461 1280 justa
485 1172 606 1279 poenl
623 1173 834 1255 afficiantur
862 1199 947 1255 cum
967 1179 1066 1280 Jure
1091 1175 1242 1255 Nature

155 1308 237 1363 non
252 1304 410 1390 pugnat,
434 1286 531 1389 quin
545 1276 673 1388 potius
691 1283 729 1364 ei
748 1280 858 1367 valde
873 1282 925 1363 est
938 1276 1243 1364 consentaneum.

154 1386 259 1473 Sicut
276 1413 404 1472 autem
423 1390 605 1498 quaelibet
618 1392 782 1513 potestas
802 1391 954 1499 publica
967 1389 1010 1471 in
1023 1387 1086 1471 sui
1098 1388 1242 1497 imperii

154 1495 327 1583 subditos
345 1500 385 1581 id
395 1499 456 1608 jus
470 1499 598 1603 habet,
626 1521 679 1582 ita
703 1500 745 1583 in
759 1504 886 1608 Reges
907 1525 949 1579 ac
964 1498 1139 1608 populos
1155 1497 1240 1579 sum·

158 1625 242 1690 mu's
255 1609 429 1690 omnium
447 1613 534 1692 Rex
547 1614 674 1693 Deua:
701 1608 768 1719 qui
781 1610 878 1691 hanc
891 1632 1023 1716 poenae
1039 1608 1240 1691 exsecutio-

153 1744 258 1818 nem,
280 1744 394 1825 quam
410 1744 478 1823 per
503 1715 685 1801 sefacere
705 1737 897 1826 potuerat,
922 1716 1062 1798 maluit
1084 1719 1242 1801 Hebraeo

153 1824 306 1932 populo
320 1826 513 1929 mandare,
540 1825 964 1936 idquepostlongiffimi
981 1828 1174 1933 temporis
1187 1854 1241 1934 pa-

154 1934 343 2027 tientiam,
371 1962 457 2017 cum
477 1936 553 2044 jam
574 1935 739 2043 ipsarum
755 1937 926 2044 gentium
941 1933 1127 2044 sacrilega
1141 1935 1238 2034 sarua,

154 2040 279 2125 ferina
300 2042 516 2148 crudelitas,
544 2045 683 2128 incesta
714 2044 840 2127 libido
865 2044 914 2126 ad
946 2041 1142 2135 summum
1168 2070 1239 2154 pet·

153 2153 353 2254 venisent,
380 2175 425 2236 ut
445 2155 572 2263 legere
582 2153 637 2236 eil
652 2157 780 2238 Levit.
798 2169 856 2238 18.
870 2181 929 2253 ²4·
955 2163 992 2238 ἃ
1005 2151 1177 2237 facunde
1189 2181 1241 2237 er·

152 2262 317 2367 plicatur
339 2261 442 2344 libro
458 2263 660 2372 Sapientiae
672 2263 741 2453 qui
754 2261 895 2345 dicitur
909 2260 1038 2370 capite
1055 2293 1115 2342 η.
1137 2276 1176 2349 ἃ
1191 2290 1239 2359 13.

151 2373 283 2477 Qrare
302 2371 377 2451 hoc
390 2373 469 2478 ejus
489 2401 537 2453 ex
560 2371 682 2481 specia
699 2371 806 2455 iDei
830 2371 1018 2458 sentenia
1032 2369 1239 2474 venit,non

151 2505 200 2560 ex
226 2480 312 2588 lege
331 2479 459 2588 aliqua
485 2482 693 2583 communi,
721 2509 762 2565 ac
778 2479 940 2589 proinde
955 2481 996 2561 in
1013 2501 1176 2563 caeteroa
1184 2488 1239 2561 la·

151 2588 307 2693 moliar
324 2588 532 2697 alienigenas
545 2591 644 2675 idem
657 2619 739 2673 non
752 2591 874 2672 licuit.
912 2587 1034 2696 Qod
1048 2606 1093 2671 ut
1107 2590 1238 2673 reum

149 2694 402 2806 intelligatur,
428 2698 693 2809 distinguenda
716 2697 803 2781 suut
824 2697 900 2780 tria
917 2694 1239 2805 &melimelum-

145 2833 310 2914 genarum
332 2833 485 2916 genera.
1132 2832 1135 2837 ·

205 2915 287 2999 Alii
300 2915 403 2998 enim
415 2914 503 2999 sunt
519 2916 585 3025 qui
601 2945 687 2999 cum
704 2912 1239 3022 CircumcisroneJudaismum

148 3024 353 3132 recipiunt,
393 3026 433 3105 ui
445 3027 681 3109 vocabantur
696 3025 882 3119 nonaum
898 3026 1079 3133 Fusci&
1099 3053 1238 3133 acpro-

147 3131 239 3215 inde
267 3134 350 3242 pari
366 3054 491 3215 ierne
510 3160 596 3217 cum
613 3136 786 3218 Hebtaeis
794 3135 880 3245 jure
900 3154 1022 3235 erant,
1050 3134 1131 3217 hoc
1146 3134 1240 3218 inter

147 3241 221 3322 alia
252 3264 415 3349 excepto
440 3243 546 3352 quod
568 3243 637 3350 qui
657 3272 705 3325 ex
731 3243 970 3327 Ammonitis
995 3243 1239 3327 &Moabitia

145 3346 366 3435 lanienam
381 3346 571 3444 omilium
586 3351 635 3433 ad
651 3354 817 3435 honores
829 3382 908 3436 non
927 3351 1238 3436 admittebantur.

139 3458 309 3568 Justinus
333 3465 459 3564 recle,
486 3460 675 3568 siponjam
701 3470 716 3542 ὁ
743 3458 1067 3568 ’ωὲιπμνὸμῖμῶεέ
1094 3461 1143 3568 egi
1167 3457 1239 3568 λαῷ

144 3570 399 3678 vumegn'pmir
412 3572 467 3654 im
487 3573 530 3654 ὡς
549 3567 730 3667 ainzim,
747 3571 936 3679 Prffelytm
954 3567 1172 3677 circumm'sus
1184 3566 1241 3680 qui

139 3675 311 3784 [epopulo
329 3677 505 3786 adjunxit,
532 3698 687 3786 equatur
712 3677 887 3786 indigene.

213 3793 334 3866 Erant
357 3786 424 3864 alii
452 3786 520 3895 qui
559 3791 583 3865 a
619 3786 802 3869 falsorum
833 3794 1008 3870 Deorum
1034 3788 1144 3870 cultu
1177 3788 1237 3869 ab·

141 3888 345 3994 stinebant,
370 3906 405 3977 ἃ
428 3895 571 3976 caeteris
596 3898 780 4002 parebant
796 3924 880 4003 quae
903 3895 1168 3979 incommune
1186 3903 1235 3976 A·

140 3999 242 4085 dani
256 4007 434 4111 Noaeque
458 4004 614 4110 posteris
629 4025 739 4090 eram
752 4005 953 4114 imperata,
979 4005 1093 4089 liberi
1111 4026 1240 4089 tamen

305 4144 325 4196 a
1085 4122 1240 4226 apceuf‘
