2588 4448
253 154 523 255 Sermonem
541 150 750 255 Domini.
768 149 1001 278 Mate-7.
1075 186 1171 288 309

192 305 370 389 Stultus&
386 303 556 417 improbus
578 303 994 418 bicemurestdignusque
1019 308 1147 388 notari.

82 416 140 496 At
167 416 409 521 quorundam
441 416 659 525 malignitas
690 415 792 497 ultra
818 415 1090 525 progreditur,
1129 437 1174 498 ut

82 520 303 631 etiamque
315 525 455 606 bonam
473 527 631 634 capiunt
643 523 1001 634 interpretationem
1032 524 1072 606 in
1094 524 1176 633 pes·

80 627 209 712 fimam
228 651 372 738 partem
388 634 524 741 rapiat,

192 745 249 818 At
268 771 329 821 nos
345 743 493 824 uirtutes
504 743 594 852 ipset
607 740 824 847 invertimus,
849 761 954 852 utque

120 893 123 902 ·
193 849 370 930 Simorum
390 851 541 962 coponem
554 877 617 932 uer
638 853 836 959 incrustare.

82 954 202 1040 Cu‘us
231 961 403 1052 nauiter
424 961 534 1071 pram
561 962 662 1042 morri
696 962 871 1069 exempla
894 961 1024 1045 videre
1053 960 1176 1045 estin

153 1091 215 1146 em
229 1068 364 1170 Satyra
381 1069 448 1150 lib.
466 1096 600 1152 t.111.
628 1075 711 1151 Aut
724 1070 855 1172 etiam,
864 1070 971 1180 quod
991 1071 1096 1152 ulcus
1109 1069 1174 1153 hic

80 1175 239 1282 proprie
250 1177 377 1286 tangit
389 1177 788 1283 Christuuad'minora
798 1180 960 1261 aliorum
979 1177 1072 1259 vitia
1087 1203 1174 1287 per·

81 1282 258 1389 spicoma,
274 1285 321 1368 ud
345 1283 410 1368 sua
424 1287 540 1397 longe
554 1287 700 1395 majora
709 1288 944 1372 connivent:
971 1285 1092 1396 qualis
1109 1285 1176 1390 ille
1235 1295 1237 1298 ’

81 1419 200 1500 quem
213 1393 368 1477 Flaccus
381 1396 435 1476 ita
453 1397 644 1504 objurgat,
1224 1462 1227 1469 .

195 1505 348 1583 canno
357 1503 550 1613 prevident
561 1503 660 1587 oculi
678 1505 773 1586 nolo
785 1504 894 1618 lippus
914 1501 1077 1607 inutilis,
1124 1533 1126 1536 ⁴

194 1611 256 1690 Cur
276 1611 316 1692 in
331 1611 517 1694 mnieorm
539 1612 641 1695 vitiis
659 1632 733 1693 tam
753 1616 867 1696 cernis
892 1633 1042 1716 acutum,

193 1720 312 1832 Quum
334 1741 397 1801 aut
410 1722 532 1831 aquila
549 1722 754 1834 omsetpens
768 1723 979 1834 Epidaurius
997 1730 1015 1806 i

85 1835 136 1910 Et
153 1825 294 1911 deinde
307 1829 362 1913 ita
381 1829 576 1935 admonet,

197 1985 332 2003 -—-
345 1938 488 2049 denique
510 1960 545 2021 te
566 1939 672 2062 ursum

186 2050 354 2138 tomum
380 2078 529 2158 numqua
543 2047 611 2130 teli
624 2051 787 2130 vitiorum
805 2046 966 2156 inseverit
986 2046 1066 2129 olim

74 2224 76 2228 Α
194 2155 356 2259 Natura,
375 2156 878 2264 autetiamtoufuetudtmulu.

83 2267 174 2345 Hoc
203 2265 306 2345 enim
342 2265 449 2349 fatto
472 2267 733 2374 appariturum
756 2291 871 2375 quam
898 2292 967 2347 nos
994 2261 1181 2348 dedeceat

84 2368 212 2480 rigida
231 2372 493 2458 illa'Censoris
514 2372 687 2482 persona.

195 2481 270 2594 Ql
285 2511 327 2561 ne
356 2481 527 2564 tuberibus
544 2485 697 2594 propriis
719 2480 866 2590 effindat
884 2485 1031 2566 omium

193 2587 362 2696 Postulat,
379 2589 528 2702 ignoscat
549 2595 702 2673 verrucis
723 2592 829 2691 illius,
852 2589 1042 2702 equumest

195 2699 354 2779 Prorutis
368 2701 505 2780 ueniam
518 2703 717 2810 poscentem,
730 2699 871 2781 reddere
884 2701 1012 2806 rursus.
1152 2785 1154 2790 ,

86 2805 213 2887 Aliter
236 2807 306 2915 qui
328 2807 477 2892 faciunt
503 2834 570 2892 eos
592 2810 707 2892 docet
729 2810 852 2918 legem
881 2808 922 2890 in
947 2806 984 2890 se
1005 2808 1176 2918 iniquam

82 2912 241 2997 tsancirc.
281 2923 421 2999 Seneca
453 2922 516 3000 De
539 2918 617 3002 vitl
639 2918 763 3022 beata,
800 2917 951 3027 Papulae
967 2913 1178 3022 observantes

84 3024 233 3126 alienor,
244 3024 309 3144 opst
313 3025 403 3133 rbfiti
408 3026 572 3135 plurimis
588 3024 765 3108 ulceribus.
809 3031 864 3109 At
876 3046 990 3129 certe,
1014 3046 1059 3107 ut
1076 3025 1178 3109 idem

85 3138 226 3214 Seneca
247 3159 290 3214 m
306 3132 520 3244 Tragoedil
540 3134 653 3241 dixit,
679 3161 830 3244 aequum
853 3136 907 3216 est
1171 3156 1174 3161 ·

198 3242 266 3321 Det
287 3241 490 3323 illeoeninm
505 3243 616 3348 ferde
628 3241 683 3326 eui
695 3243 801 3323 veniel
814 3239 963 3352 estopus.
1005 3282 1007 3286 ·

80 3355 209 3431 iPorro
229 3377 276 3431 ex
302 3353 452 3434 Latinis
467 3381 564 3460 quos
587 3352 786 3436 citavimus
816 3350 1004 3436 vericulis
1020 3371 1179 3460 apparet

85 3458 193 3565 quod
209 3458 272 3543 hic
286 3459 477 3555 estotim,
491 3474 527 3547 ὅ(
546 3463 647 3570 apud
660 3460 915 3544 Menandrum
927 3459 1180 3570 omrpiruretle

84 3565 192 3673 poffe
217 3568 316 3650 verti
340 3568 469 3650 videre
483 3593 549 3651 aut
567 3600 712 3652 cernere.
999 3606 1013 3630 2

39 3766 45 3774 ‚
147 3703 180 3772 3.
209 3682 254 3755 οὐ
267 3671 440 3770 ubertim
457 3693 522 3759 non
533 3678 678 3784 videm]
700 3687 745 3759 οὐ
756 3677 914 3781 winone
930 3708 996 3760 non
1014 3676 1183 3788 agnoscit,

84 3803 132 3864 ut
148 3785 359 3868 Menander
381 3787 573 3894 loquituc;
601 3787 826 3899 nnyssuinte,
851 3809 897 3871 ut
914 3789 1026 3872 aliter
1042 3782 1179 3873 Comi-

84 3917 172 3984 cus3
192 3891 375 4021 pravidos,
401 3895 442 3976 id
465 3899 532 3999 est,
540 3895 764 4004 proterviter
777 3896 959 4008 Horatio.

82 4034 85 4039 .
146 4032 179 4100 5,
207 4002 369 4126 tmnptmi,
391 4007 615 4126 Hypotrlia]
643 4027 718 4117 qll'l
738 4005 831 4116 Jobi
851 4021 963 4108 8013.
1030 4103 1181 4196 &acm
