2588 4448
181 167 453 270 Sermonem
471 162 678 267 Domini.
705 160 862 272 Moto.
879 202 916 291 5.
1000 170 1104 298 235'
1201 298 1204 305 Ι

124 317 220 415 Oiil'
232 319 276 404 eis
295 319 454 429 ἀπάντημ’
466 322 527 404 'ius
542 310 616 425 ὤμ’
638 319 718 418 ἔχων
735 325 827 431 κυρεῖ,
881 414 885 421 ,

120 432 250 527 nonin
264 427 315 524 il’
332 431 422 519 initio,
449 423 665 527 iiiiomn'leioooo
681 429 704 537 3⁸
718 429 774 532 μή

119 535 236 644 Qum
255 536 334 618 bene
344 537 530 648 parentino
549 535 699 647 provida
715 535 993 646 ntaostotnerat,
1121 589 1124 595 ›

119 649 185 726 ‘Or
204 667 372 754 cogeretur
386 645 428 726 do
447 649 527 727 vito
542 643 699 727 decedere

120 752 375 864 Hominumque
389 754 464 860 nisu
478 756 564 837 cade
575 760 727 865 patrati
752 783 884 858 nocens,

123 863 282 972 andqoe
306 866 413 944 lueret
429 862 526 974 triste
550 862 855 967 nonlethoscelrn.
1144 943 1145 946 ,

60 992 137 1075 uem
165 998 311 1054 morem
333 973 464 1070 reduci
490 972 644 1056 volebat
676 973 798 1059 Plato.
839 970 986 1054 Feritas
1014 998 1100 1081 quae

60 1097 103 1157 te
127 1078 334 1163 Diluvium
357 1080 544 1164 humanos
578 1108 704 1164 mores
726 1077 914 1166 invaserat
936 1081 1099 1163 occasio·

60 1212 99 1266 m
122 1214 235 1270 novae
249 1189 349 1298 Legi
375 1188 493 1293 dedit,
519 1210 563 1271 ut
589 1189 770 1271 nimirum
792 1187 996 1272 homicidae
1019 1185 1101 1269 san-

60 1291 97 1375 is
116 1294 400 1380 effunderetur:
426 1326 512 1407 quae
524 1304 620 1402 Lex,
641 1318 687 1379 ut
702 1298 778 1381 illis
790 1297 1024 1405 temporibus
1039 1323 1100 1376 ac·

60 1405 268 1508 mmodata,
281 1411 404 1490 iDeo
430 1407 470 1487 in
486 1409 566 1517 ipsi
582 1406 740 1488 humani
761 1405 909 1514 generis
931 1408 1015 1511 post
1028 1406 1100 1487 Di·

60 1511 160 1595 nium
184 1514 457 1597 instauratione
475 1515 719 1626 promulgata
738 1519 803 1598 est.
844 1510 917 1598 Sed
931 1513 1112 1621 optimus

60 1646 88 1701 oe
102 1621 415 1730 Legisinterpres
426 1630 530 1706 Deus
544 1623 585 1706 id
608 1622 725 1704 refert
737 1624 784 1706 ad
795 1624 934 1706 cadem
953 1648 1038 1730 quae
1055 1622 1102 1703 fit

60 1726 226 1812 :liberato
237 1731 461 1841 strudlisque
475 1730 755 1834 inlidiisExodi
767 1761 891 1832 21.14.
908 1730 990 1814 Diu
999 1730 1103 1815 stetit

75 1834 209 1938 floruit
231 1846 409 1924 Romana
434 1840 678 1949 Respublica,
702 1867 788 1922 cum
811 1839 1102 1950 Magistratuurn

60 1944 189 2055 gnitio
203 1949 512 2058 deportationem
524 1979 604 2032 non
618 1949 827 2032 excederet.
856 1951 987 2032 Postea
1006 1956 1118 2056 quo·

60 2080 91 2135 le
111 2082 196 2135 cum
213 2059 288 2165 jam
309 2064 433 2168 Leges
446 2059 531 2142 latae
549 2059 668 2140 ellent
686 2057 734 2138 de
757 2080 883 2139 morte
900 2055 1104 2164 puniendis

60 2163 219 2246 imicidis
242 2167 481 2277 aliorumque
502 2168 704 2248 criminum
728 2165 932 2266 convitiis,
967 2166 1104 2248 multas

60 2298 145 2354 men
161 2275 405 2382 exceptiones
422 2275 508 2357 usus
529 2275 712 2384 repperit,
738 2276 793 2358 ita
818 2296 863 2356 ut
884 2272 981 2382 saepe
1002 2273 1103 2356 intra

60 2380 290 2489 legationem
302 2383 480 2467 severitas
494 2385 719 2467 confisteret.
757 2383 925 2467 Difficile
944 2384 997 2466 est
1015 2410 1104 2465 exa-

60 2516 117 2571 um
132 2491 281 2574 lervare
304 2493 628 2583 mediocritatem
655 2491 741 2574 atsi
763 2491 857 2603 quid
870 2490 1104 2602 peccandum

59 2624 80 2703 ²,
105 2597 147 2680 iu
163 2600 268 2683 istam
283 2602 453 2684 lenitatis
469 2624 614 2710 partem
643 2601 773 2709 potius
788 2599 1017 2710 peccandum
1038 2601 1104 2681 est.

60 2728 134 2788 >rte
159 2736 238 2790 non
259 2712 456 2819 pauciores
480 2718 502 2792 a
522 2708 783 2818 delinquendo
809 2711 1032 2791 absterreret
1056 2705 1116 2788 ad¹

60 2840 114 2896 tus
126 2815 338 2922 damnatio
350 2849 464 2929 quarn
479 2847 580 2901 mors
593 2817 689 2928 ipsa:
708 2815 994 2926 &limul,quod
1008 2842 1105 2925 prae·
1210 2903 1213 2908 ,

60 2934 128 3030 pue
145 2926 392 3033 speliendum
403 2932 456 3011 est
469 2928 694 3012 Christiana
712 2926 927 3028 dilectioni,
950 2926 1106 3027 daretur

60 3033 178 3114 adum
205 3037 361 3144 agendae
385 3037 640 3145 poenitentiae,
679 3064 765 3145 quoe
786 3061 888 3119 nunc
911 3032 1104 3118 interdum

60 3140 193 3249 pplicii
208 3147 512 3253 precipitatione
527 3143 758 3252 praeciditur.
799 3147 916 3226 Certe
940 3146 976 3229 ὅ(
1000 3146 1105 3226 Con-

60 3250 199 3334 intinus
213 3280 299 3334 cum
312 3256 476 3361 primuni
489 3254 744 3339 Christianam
758 3252 936 3361 probavit
949 3251 1106 3358 religio·

60 3386 120 3463 tm,
149 3360 190 3442 in
218 3360 408 3472 plerisque
427 3362 658 3445 denuomm
688 3362 889 3471 generibus
922 3361 1108 3467 supplicia

60 3469 197 3577 pitalia
209 3469 392 3574 inhibuit,
417 3499 503 3580 quae
516 3499 608 3554 mox
622 3472 780 3554 redudla
792 3468 881 3551 sunt
904 3470 972 3569 odoi
996 3467 1056 3547 ritui
1082 3480 1108 3554 i

60 3576 177 3685 χθηρῶν
198 3576 311 3661 iinon
326 3578 365 3669 oh
380 3581 554 3661 licentiam
566 3578 611 3659 ab
621 3578 777 3688 improbis
785 3582 954 3684 sumtum,
969 3604 1015 3659 ut
1038 3596 1109 3663 nos

60 3708 160 3768 >cent
177 3686 355 3773 historiae.
396 3699 531 3797 ltaque
554 3700 590 3772 ot
610 3687 716 3796 quod
742 3686 791 3769 de
807 3687 1010 3795 puniendis
1028 3690 1109 3794 gla-

60 3795 282 3890 oadulteris
296 3798 456 3905 legimus
468 3795 1111 3902 ConstantiniConstitutione‚quae

60 3900 160 3985 serta
182 3904 234 3982 est
258 3907 395 3988 Codici
414 3906 665 4015 justinianeo,
704 3904 874 3988 deestin
897 3906 1111 4014 antiquiori
1133 3988 1135 3993 ,
1159 3917 1162 3921 ’

60 4011 462 4105 odiceTheodofiano.
587 4095 592 4101 .
862 4068 865 4073 ·
1094 4050 1126 4065 -·

127 4172 156 4218 Α·
582 4125 708 4234 ng
981 4120 1125 4202 Reno
