2588 4448
229 177 503 279 Sermonem
516 169 722 274 Domini.
760 165 914 273 Matr.
932 176 976 273 6.
1048 199 1147 291 275

49 352 122 431 per
143 321 359 407 sesufficere
374 325 549 428 debebat,
575 323 719 406 accedit
732 345 859 405 tamen
875 321 1032 402 maximi
1049 352 1146 431 pon·
1227 345 1230 350 ·

49 434 153 516 deris
182 454 448 544 argumentum
474 437 523 514 ab
553 435 782 534 Hieronymi
811 432 1053 532 testimonio,
1080 433 1148 541 qui

50 542 266 628 consultum
287 545 360 623 ase
381 541 509 624 scribit
534 545 737 622 Hebraeum
761 539 962 645 Evangelii
976 541 1161 624 codicem¹

52 678 134 758 quo
149 653 359 756 Nazareni,
371 653 446 732 hoc
465 651 530 750 est,
552 649 759 730 Christiani
782 649 978 755 ἑςμΐζουπς
996 649 1149 729 Hebmd

54 778 187 839 mentes
210 760 340 869 lingui,
364 764 594 847 utebantur;
622 780 736 866 atque
760 760 814 836 ibi
846 758 1021 864 reperiffe
1046 782 1149 861 intr,

54 865 93 948 id
118 891 244 949 autem
260 871 313 948 est
331 865 529 976 erastinum.
566 871 695 971 Qare
717 864 784 949 avim*
803 867 959 968 ὁλὲξεως
985 866 1027 945 de
1048 896 1149 946 vota·

54 973 128 1055 bulo
149 976 310 1084 amplius
325 977 444 1084 quaeri
464 1006 545 1057 non
562 976 695 1056 debet:
725 999 873 1058 tantum
897 977 1007 1055 restat
1020 977 1164 1057 videa-'

56 1111 137 1168 mus
153 1112 240 1193 quae
254 1086 298 1165 fit
315 1087 471 1186 ᾧλέξεως
488 1085 723 1193 lignilicatio.
761 1086 908 1165 Mirum
925 1082 1029 1162 enim
1046 1085 1151 1167 vide·

56 1215 131 1295 tur,
156 1221 244 1274 cum
263 1195 434 1276 Christus
455 1216 560 1275 vetet
584 1222 652 1274 nos
675 1193 748 1273 effe
765 1190 947 1274 sollicitos
973 1217 1046 1298 pro
1069 1221 1151 1273 cra·

55 1303 158 1384 stino
184 1303 259 1403 die,
285 1303 348 1383 hic
372 1325 499 1383 tamen
520 1306 568 1382 ab
584 1329 631 1380 eo
650 1301 806 1408 praecipi
826 1323 870 1382 ut
892 1327 1044 1382 oremus
1066 1301 1165 1383 dari.

56 1411 170 1492 nobis
190 1438 326 1519 panem
346 1412 558 1493 crastinum.
602 1411 675 1491 Sed
692 1407 882 1491 sciendum
900 1410 966 1510 est,
991 1410 1150 1516 quod&

57 1521 108 1599 ab
131 1521 377 1617 Hieronymo
407 1522 460 1601 est
485 1539 726 1621 annotatum,
757 1540 842 1602 ‘tuo
872 1519 1043 1599 Hebraeis
1070 1546 1152 1600 non

59 1627 267 1734 significare
295 1621 422 1709 stricte
446 1627 537 1708 diem
565 1626 721 1736 proxime
739 1630 947 1736 liquentem,
974 1623 1037 1707 sed
1058 1629 1154 1735 quir·

60 1735 149 1844 qm'd
158 1736 320 1842 futurum
345 1735 512 1838 imminet,
538 1759 583 1815 ut
609 1735 738 1817 Exodi
769 1765 827 1834 13.
854 1766 910 1836 14.
939 1734 1008 1815 ubi
1033 1742 1154 1829 LXX

61 1845 206 1926 habent
220 1844 459 1954 mirmiram}
471 1847 531 1924 id:
559 1843 687 1926 Exodi
707 1876 838 1945 19.10.
860 1844 1031 1953 Jos.4.6.
1062 1856 1155 1929 Pro·

60 1952 168 2036 verb.
187 1986 246 2045 27.
265 1985 297 2034 1.
324 1955 462 2061 quibus
477 1953 569 2035 locis
589 1949 786 2034 servalrunt
804 1961 924 2039 LXX
949 1981 1081 2043 vocem
1096 1948 1155 2033 ai-

61 2097 130 2162 am
153 2090 253 2143 crat:
281 2091 361 2169 quo
375 2061 480 2144 sensu
504 2075 539 2146 ὅ(
559 2055 668 2162 αὔραν
691 2061 848 2170 usurpat
870 2068 994 2142 Lucus
1016 2091 1073 2160 13.
1095 2091 1153 2159 33.

59 2171 222 2255 Sicut&
239 2173 421 2252 exadum
448 2192 597 2278 tempus
619 2173 789 2252 Hebraeis
810 2170 952 2251 dicitur
968 2176 1087 2273 mort,
1107 2169 1155 2252 'id

61 2281 129 2380 est,
148 2277 233 2360 heri.
262 2277 327 2360 Est
341 2306 434 2387 ergo
449 2279 573 2362 maim
585 2307 700 2362 omne
714 2281 754 2361 id
768 2279 929 2387 spatium
945 2281 1035 2362 vitae
1048 2280 1156 2387 quod

23 2441 27 2445 -
63 2388 176 2470 nobis
199 2387 456 2468 emetiendum
481 2389 614 2490 restat,
641 2390 882 2498 incognitum
910 2389 1041 2491 nobis,
1068 2394 1157 2470 Deo

62 2497 290 2605 cognitum
317 2496 456 2578 diuino
480 2496 520 2576 id
538 2497 644 2604 quod
662 2497 699 2575 ei
724 2500 847 2602 lpatio
862 2495 1008 2580 sufficit.
1038 2497 1159 2578 Multi

63 2605 242 2687 homines
257 2605 393 2686 incerti
406 2605 589 2714 quamdiu
604 2606 677 2686 sint
694 2605 850 2708 vidluri,
876 2605 1080 2688 senediutis
1093 2633 1160 2686 ex·

63 2711 340 2821 spedtationem
361 2714 531 2796 avaritiae
545 2714 810 2822 praetendunt:
838 2727 874 2799 ὅ(
888 2713 983 2822 saepe
995 2732 1076 2820 quo
1088 2713 1161 2794 mi·

65 2852 136 2905 nus
151 2827 205 2907 est
225 2822 295 2904 viae
316 2848 365 2902 eo
387 2823 472 2930 plus
484 2823 669 2929 quaeritur
685 2823 830 2905 viatici.
872 2826 967 2909 Vult
990 2822 1177 2905 Christus‘

67 2959 137 3014 nos
161 2935 249 3012 Deo
264 2931 363 3012 hanc
386 2958 513 3011 curam
528 2931 784 3033 committere,
809 2951 853 3011 ut
867 2942 1053 3041 quantum
1070 2931 1163 3016 vitae

64 3038 232 3146 superest
249 3060 398 3120 tantum
417 3040 527 3122 nobis
543 3039 761 3146 suppeditet
774 3041 1067 3122 alimentorum:
1096 3065 1165 3121 ne·
1223 3081 1235 3089 -

66 3175 143 3254 que
161 3148 217 3228 ita
244 3168 374 3229 tamen
398 3168 442 3229 ut
466 3147 661 3254 poscamus
688 3149 728 3231 id
751 3175 867 3228 omne
894 3151 1004 3231 nobis
1026 3166 1167 3258 reprae'·

65 3255 219 3337 sentari.
246 3257 311 3341 Est
323 3257 427 3337 enim
441 3256 551 3340 valde
569 3257 764 3339 illiberalis
780 3257 899 3337 animi
919 3287 998 3340 non
1013 3257 1167 3339 credere

66 3371 159 3447 Deo
173 3361 242 3448 nist
257 3361 325 3445 sub
337 3365 511 3472 pignore.
539 3366 876 3471 Qternadmodum
894 3364 1012 3472 igitur
1034 3366 1075 3447 hi
1098 3362 1167 3474 qui

70 3473 113 3553 in
132 3474 322 3582 potestate
342 3473 430 3554 sunt
445 3473 562 3581 patris
582 3473 744 3558 familias
765 3485 799 3558 ἃ
817 3474 909 3555 boni
928 3488 963 3561 ὅ(
985 3474 1186 3583 sapientis.

72 3582 278 3684 ninivitis,
304 3611 384 3663 non
409 3582 657 3689 postulabunt
679 3604 723 3663 ut
750 3581 930 3664 alimenta
959 3586 999 3666 in
1027 3585 1170 3666 multos

69 3718 192 3773 annos
216 3691 284 3772 fibi
314 3692 355 3771 in
385 3690 489 3771 cellis
518 3690 725 3773 recondere
751 3690 874 3792 liceat,
900 3689 964 3774 setl
993 3692 1170 3775 contenti

69 3819 186 3882 eruut
210 3796 380 3882 dimenso
394 3799 559 3881 diurno:
588 3801 642 3880 ita
665 3812 700 3884 ἃ
717 3798 889 3882 Christus
911 3803 1031 3882 abeffe
1047 3802 1170 3885 vult&

70 3908 210 3991 nostris
232 3908 406 4016 precibus
428 3907 798 4014 tumbdiffidentiam,
826 3929 908 3989 tum
933 3909 1177 3994 aviditatem
1250 3931 1253 3936 ’

70 4019 245 4127 Estergo
267 4017 331 4103 hic
350 4017 467 4127 alpapov
491 4013 588 4099 bodie
606 4016 772 4210 positum
798 4041 870 4128 pro
895 4045 944 4102 eo
967 4015 1073 4127 quod
1089 4016 1172 4133 ple·

643 4133 669 4208 ll
711 4150 802 4211 ma
1059 4150 1174 4205 more
