2588 4448
134 166 167 233 2
343 116 726 264 Baptizatornm
758 125 1034 228 Puerorum

134 283 206 370 Nil
223 281 426 366 hominum
441 304 578 364 natura
597 280 704 363 'ubet
723 308 794 364 nos
807 282 885 364 tale
908 283 1032 365 tueri?

132 458 136 465 -
191 394 345 503 Vigere,
372 390 516 501 sapere,
542 418 589 475 ve
607 391 644 473 le
665 390 708 472 in
723 419 805 474 uno
821 389 909 476 sunt
931 393 1019 475 tria.
1051 400 1063 415 “

133 508 281 587 Suntne
296 529 405 615 pares
418 501 588 583 Genitor
605 498 807 609 Natuslue
822 513 857 586 ὅ(
870 501 1036 608 Spiritus
1057 499 1211 586 insons?

192 619 413 698 Commune
427 639 588 722 regnum
609 610 677 712 est,
702 638 801 694 unus
813 633 977 694 aeternus
990 612 1116 721 vigor.

134 723 245 830 Qud
267 718 635 832 propriumsummo
656 717 715 802 fas
733 722 787 802 est
800 717 1011 805 adscribere
1025 720 1153 805 Patri?
1229 752 1232 760 ¹

191 833 312 938 and
329 831 434 940 capit
449 831 498 912 ab
511 828 596 939 ipso
612 829 797 938 quiequid
813 829 867 911 est
882 830 1099 913 exordium.

137 942 244 1052 Qtid
263 947 369 1024 Deus
390 962 481 1024 ante
494 939 554 1023 'sui
571 938 665 1020 fecit
681 939 895 1049 primordia
912 939 1073 1024 mundi?

44 1133 48 1137 Α
195 1060 254 1136 Ut
269 1053 326 1133 nil
342 1050 387 1133 fit
401 1070 522 1155 extra,
543 1048 682 1131 sufficit
699 1075 842 1131 numen
856 1049 936 1132 sibi.

137 1161 221 1247 Ede
236 1162 346 1265 mihi,
372 1159 528 1269 coeptisx
541 1156 661 1241 suerit
675 1184 761 1267 quae
776 1161 889 1243 rebus
907 1160 1050 1269 otigo?

193 1271 353 1355 Coelum
371 1269 572 1378 solumque
588 1265 683 1350 fecit
697 1296 745 1349 ex
765 1267 895 1359 nihilo
910 1274 1027 1355 Deus.

137 1382 345 1466 Materiam
359 1379 554 1490 duplicem
573 1406 659 1488 quae
676 1377 882 1469 distinxdre
895 1379 1051 1489 figurae?

86 1512 88 1517 ’
192 1492 340 1594 Herba,
351 1491 481 1592 arbor,
491 1516 602 1598 aqua,
614 1487 694 1592 lux,
706 1486 837 1591 sidera,
851 1489 1077 1595 animantes,
1088 1490 1242 1575 humus.

124 1607 232 1707 Qro
246 1628 366 1713 genus
382 1599 594 1697 humanum
618 1598 743 1685 lucem
764 1596 967 1709 conspexit
977 1601 1029 1684 ab
1041 1608 1159 1687 ortu?

193 1706 554 1817 Terrestrecor'pus,
580 1735 687 1791 mens
701 1705 792 1797 data
813 1710 867 1790 est
891 1708 1090 1796 divinitus.

127 1822 195 1905 At
211 1846 310 1929 quos
325 1819 392 1902 ille
407 1817 543 1928 opifex
559 1816 760 1901 hominem
773 1816 960 1925 produxit
983 1820 1025 1905 in
1048 1818 1161 1906 usus?

192 1933 322 2012 Deum
336 1928 467 2017 colens
489 1929 622 2010 beatus
637 1946 681 2011 ut
697 1923 847 2035 semper
865 1925 984 2012 foret.

81 2066 83 2071 ’
138 2045 205 2124 An
219 2035 331 2125 sa'cile
345 2037 587 2127 hochomini
609 2035 742 2125 divina
761 2037 1082 2148 capefferejulla?

193 2151 325 2252 Certe,
349 2168 481 2229 creato
503 2148 649 2257 quippe
661 2145 710 2228 ad
728 2147 948 2255 exemplum
960 2149 1052 2232 Dei.
1118 2237 1120 2241 ,

139 2248 260 2341 Unde
282 2258 404 2368 igitur
421 2257 524 2341 labes
537 2255 695 2378 aegrotis
717 2256 911 2341 mentibus
932 2256 1080 2342 haeret?

193 2367 314 2453 Primi
327 2367 470 2451 Satoris
481 2366 656 2472 crimme,
682 2386 723 2451 at
747 2363 880 2465 nostro
898 2394 1068 2479 quoque.

139 2473 268 2567 Resne
282 2478 390 2563 Deus
404 2474 512 2585 lapsu
531 2475 641 2560 volvi
664 2474 858 2584 permittit
879 2475 1013 2579 inanit?

155 2594 160 2603 '
195 2596 328 2688 Extat,
355 2608 561 2695 manetque
575 2586 632 2667 nil
648 2584 717 2677 nisi
736 2584 817 2693 ejus
831 2585 1003 2669 numine.

141 2700 225 2803 Cur
239 2696 338 2778 mala
350 2694 545 2779 committi
568 2695 730 2803 patitur,
757 2693 938 2783 sicun&a
951 2694 1173 2805 gubernat?
1217 2748 1221 2753 ·

140 2804 143 2809 ’
197 2814 328 2890 Bonus
348 2829 465 2915 atque
486 2803 633 2914 sapiens
657 2803 782 2887 utitur
804 2805 912 2889 reue
925 2802 1049 2897 malin

141 2917 258 3001 Estne
274 2921 365 3001 Deo
381 2915 542 3026 quidvis
560 2913 728 2998 faciendi
746 3004 749 3009 ,
783 2915 870 2997 lena
884 2913 1072 3003 facultas?

196 3025 590 3136 ¹Qaicquiddecorum
604 3027 670 3130 est,
683 3053 736 3127 un
764 3023 1078 3133 eCuntStipotem
1090 3041 1248 3113 vocant.

144 3143 245 3226 Vera
256 3135 333 3221 Dei
349 3133 515 3247 soboles,
533 3135 608 3240 dic,
627 3128 786 3245 quando
802 3133 959 3216 duxerit
980 3141 1136 3218 ortum?

189 3246 335 3329 'Homo
354 3245 420 3329 ille
437 3244 477 3327 in
491 3271 581 3328 aevo
597 3263 722 3347 natus,
747 3263 839 3329 ante
853 3270 980 3328 aevum
992 3248 1111 3331 Deus.

143 3355 266 3464 Qnd'
280 3356 357 3443 fuit
375 3354 536 3439 ille'Dei
554 3353 662 3462 prius
680 3351 791 3435 omni
812 3353 1044 3439 filius'aevo?

201 3468 350 3572 Imago,
370 3465 483 3567 ratio,
500 3461 644 3567 sermo,¹
659 3460 862 3557 cdnsrlium
883 3463 1017 3553 Patris.
1051 3470 1055 3477 ’
1093 3468 1097 3474 ’

145 3577 262 3660 Estne
282 3575 443 3684 aliquid,
455 3573 555 3658 Nati
569 3578 658 3681 quoj
670 3570 866 3677 littestata
888 3574 1086 3683 potestas?

200 3684 344 3766 Padus
362 3686 461 3791 peri
490 3682 571 3766 sum
587 3680 765 3787 mulidus,
791 3680 933 3793 absque
949 3680 1035 3793 ipso
1050 3679 1167 3767 nihil.

146 3794 268 3880 Unde
281 3795 445 3887 animam
463 3714 690 3898 bumanam,¹
708 3792 968 3904 mortalesque
981 3792 1109 3880 induit
1120 3795 1251 3877 artus?

43 3948 70 4000 ῃ
202 3904 403 3995 Foeeunda
416 3903 539 4015 *virgo
562 3902 725 4013 spiritus
751 3903 905 4015 peperit
920 3902 1016 4006 satu.

1126 4009 1251 4120 Quod
1288 3944 1291 3949 ·
