2588 4448
94 140 164 266 46.
420 132 778 240 Adnotationes
805 120 880 236 ad
909 116 912 121 ’
1007 119 1036 203 s

93 279 299 371 Eliberino
317 287 481 372 Conone
499 285 753 376 &decantato
771 288 840 371 illo
854 285 1063 397 Epiphanii
1080 287 1189 372 sasso

92 416 265 504 apparet.
322 397 717 506 Imaginesexstantes
739 399 855 480 serius
873 397 989 481 etiam
1005 397 1046 478 in
1059 401 1189 482 Eccle-

94 503 162 587 fias
187 504 365 609 admiffae,
391 533 460 587 nec
485 505 562 588 fine
583 507 793 589 multorum
816 505 954 610 renisu,
981 516 1061 587 non
1085 505 1191 616 quast

93 612 181 722 lege
194 614 338 716 vetitae,
364 613 427 698 sed
442 615 533 723 quia
548 616 668 698 errori
681 614 806 697 ansam
823 615 913 698 dare
926 616 1194 697 existimaban-

96 741 182 802 tur:
209 751 295 845 que
315 722 611 829 ratio‚manente
628 722 754 809 adhuc
765 722 1083 836 paganism0‚non
1096 725 1192 810 levis

95 856 286 921 momenti
308 852 403 916 erat.

158 968 191 1035 5.
220 948 267 1023 οὐ
282 942 501 1036 mannisis
515 942 628 1038 minis,
655 971 721 1024 nun
737 942 899 1045 adorabis
913 945 974 1048 ea]
1002 940 1195 1026 nonsatis

96 1046 235 1131 habuit
259 1055 363 1134 Deus
381 1049 526 1135 Israelis
540 1054 689 1160 populo
705 1051 903 1141 consulere
915 1048 1191 1158 adversus‘pra·

95 1184 160 1238 vas
175 1158 253 1265 ejus
268 1159 382 1242 seculi
404 1160 621 1264 sententias,
647 1173 684 1247 ὅ(
699 1188 821 1244 mores
834 1160 874 1242 in
891 1161 931 1243 id
948 1181 1097 1269 tempus
1109 1189 1192 1268 quo

96 1265 239 1349 visturi
260 1288 371 1351 erant
391 1267 431 1350 in
456 1267 637 1350 societate
665 1270 923 1379 popularium,
948 1267 1077 1353 sedin
1104 1269 1193 1352 lon·

94 1400 187 1482 gum
216 1375 462 1487 prospiciens,
488 1377 670 1460 adhibere
701 1378 900 1462 cautiones
922 1378 1049 1463 voluit
1071 1378 1192 1460 etiam

94 1484 179 1565 illis
189 1489 476 1589 erebraeorum,
503 1487 571 1596 qui
594 1509 703 1571 extra
731 1486 839 1569 suum
868 1517 922 1596 po
978 1487 1057 1571 lum
1080 1507 1193 1569 erant

150 1594 392 1703 regrinaturi.
433 1600 614 1705 Namque
628 1596 696 1700 ibi,
708 1622 795 1678 cum
812 1515 999 1703 imperiise
1011 1606 1093 1690 non
1105 1594 1192 1705 pos·

113 1725 184 1784 unt
205 1732 286 1812 quo
311 1704 436 1785 minus
458 1707 646 1787 exstarent
663 1701 819 1812 sculptae
846 1704 1100 1787 animantium
1123 1723 1191 1786 aut

93 1811 282 1892 astrorum
296 1811 490 1920 imagines,
517 1813 728 1928 renredium
742 1812 847 1895 aliud
864 1813 1125 1896 adhibendum
1137 1813 1195 1896 eis

94 1915 185 2022 fuit,
211 1948 261 2004 ne
281 1945 409 2028 pravae
428 1922 625 2030 opinionis
652 1949 695 2005 ac
721 1921 886 2004 instituti
907 1922 955 2005 ad
974 1951 1042 2006 eos
1058 1941 1192 2004 conta-

92 2026 203 2135 gium
225 2030 464 2138 perveniret:
493 2032 533 2112 id
558 2054 686 2115 autem
700 2031 835 2113 melius
847 2031 931 2113 fieri
951 2060 1031 2115 non
1048 2028 1194 2137 potuis,

40 2160 43 2165 ·
93 2138 261 2245 quamsi
288 2140 588 2246 prohiberentur
608 2141 730 2252 gestus
747 2167 834 2222 curn
857 2139 903 2226 iis
931 2141 1071 2238 habere
1087 2166 1193 2222 com·

94 2272 242 2351 urunes,
267 2249 406 2358 quibus
423 2277 532 2332 error
548 2251 614 2330 ille
630 2249 880 2333 nutriebatur.

149 2363 196 2436 οὐ
218 2358 438 2452 nomios
464 2361 506 2442 in
530 2360 696 2441 Hebraeo
722 2359 777 2440 est
800 2375 977 2445 ninnttn
999 2343 1064 2461 ub}
1104 2362 1195 2444 vox

93 2465 259 2548 Hebraea
284 2491 376 2552 unu
398 2465 486 2550 satis
509 2468 562 2549 est
588 2466 795 2577 generalis:
822 2491 948 2573 neque
963 2490 1060 2548 vero
1072 2465 1194 2548 animi

93 2575 225 2763 esium
247 2573 429 2682 designat,
455 2575 519 2658 sed
536 2577 734 2680 corporis;
760 2576 836 2658 sive
857 2575 888 2655 is
908 2573 975 2655 fiat
998 2594 1115 2682 caput
1133 2574 1194 2658 in·

93 2680 292 2785 cinandu,
318 2685 394 2766 sive
420 2685 643 2768 inclinando
663 2706 792 2768 totum
818 2711 970 2791 corpus,
1003 2680 1081 2766 five
1107 2711 1195 2766 cur·

94 2789 231 2875 uandis
242 2791 416 2901 genibus,
440 2794 517 2879 five
527 2791 752 2877 subsidendo
765 2793 806 2875 in
821 2792 1001 2902 poplites,
1020 2791 1109 2895 five,
1124 2792 1207 2902 qni-

94 2901 282 2984 maximus
296 2902 497 3006 esthonos,
521 2903 824 3010 procumbendo.
864 2900 993 2983 Graeci
1006 2900 1195 3009 interpre-

94 3031 152 3094 tes
164 3038 233 3118 per
246 3016 437 3101 wonmveii
455 3013 554 3095 hanc
566 3041 698 3097 vocem
713 3012 837 3094 solent
852 3008 1194 3113 vertere,nonsrne

93 3120 218 3217 causi.
254 3125 357 3223 Nam
383 3121 477 3203 ficut
496 3123 597 3231 apud
614 3121 789 3208 Orientis
812 3120 977 3228 populos
993 3119 1196 3225 veneratio

95 3227 367 3312 ostendebatur
400 3231 514 3314 variis
538 3230 720 3314 flectendi
749 3230 924 3337 corporis
943 3224 1098 3333 formis,
1138 3228 1194 3310 ita

94 3337 197 3442 apud
217 3340 373 3423 Graecos
393 3358 548 3421 manum
563 3339 611 3422 ad
624 3369 669 3424 os
687 3338 945 3440 admovendo,
971 3336 1193 3447 quodpro-

94 3446 180 3551 prie
199 3448 252 3526 est
267 3453 466 3538 mansii,
496 3458 517 3533 u
531 3449 609 3538 κύω,
636 3462 673 3535 ἃ
696 3447 786 3530 inde
798 3446 902 3528 κιωέω
916 3445 1024 3553 quod
1038 3450 1093 3531 est
1103 3445 1194 3552 oscu-

74 3554 159 3636 lor.
209 3557 295 3639 Nec
322 3558 427 3642 aliud
445 3557 629 3664 fignificat
653 3557 838 3641 Latinum
858 3555 1018 3659 adorare,
1040 3583 1122 3636 non
1146 3554 1196 3636 ab

94 3691 207 3765 orare,
235 3663 259 3742 i.
273 3667 433 3774 precari,
450 3665 610 3770 facium,
631 3688 675 3748 ut
688 3666 858 3776 imperiti
877 3663 1054 3748 homines
1066 3663 1198 3747 existi·

94 3792 217 3873 ruant,
249 3769 312 3854 sed
340 3775 388 3854 ab
411 3804 461 3858 eo
495 3774 602 3886 quod
627 3805 750 3856 manus
776 3775 999 3856 admoveatur
1025 3773 1092 3855 nri.
1147 3781 1197 3856 ln

93 3880 248 3985 Glolsrs,
268 3879 407 3984 adorat,
425 3882 608 3974 now&
647 3884 768 3988 Alibi,
781 3884 1005 3974 nonninus,
1021 3880 1197 3988 adoratu,

94 3987 330 4077 advenerant.
372 3996 530 4093 Manum,
546 3996 600 4078 ori
622 3993 801 4084 admovere
825 3991 1021 4077 dixerunt.
1037 3990 1198 4091 Plinius,

1039 4098 1198 4194 Tertul-
