2588 4448
232 181 464 317 'Decologr‘
472 199 765 320 praeceptnm
776 183 1002 321 primum.
1113 171 1201 320 '35‘

88 335 167 446 cesse
181 334 229 446 est
241 336 280 446 fi
296 340 335 421 in
350 336 517 450 conspeetu
531 341 660 423 ueneni
679 338 840 423 venerari
854 360 890 421 te
912 342 1060 450 Regem,
1078 342 1187 454 quod

89 452 275 535 nummii
303 449 355 530 illi
386 458 550 531 voconrs
576 449 705 533 Graeci
739 447 836 556 saepe
866 475 942 557 pro
973 476 1033 531 eo»
1050 449 1186 536 dicunt

90 554 292 644 nomnen.
345 558 490 641 Livius·
512 558 562 641 de
590 559 747 669 Legatis
787 557 1187 667 Carthaginiensium,

89 669 197 747 More
228 662 447 769 adorantium
473 671 626 778 (accepto
639 666 738 749 credo
760 673 833 749 ritu
847 695 891 748 ex
918 670 961 747 ed
988 668 1121 777 regione
1140 698 1186 752 ex

86 779 162 884 qul
174 774 313 856 oriundi
329 778 452 880 erant)
463 824 468 829 ·
467 773 743 888 procubuerunt:
757 774 1056 860 APhoenicibus
1070 778 1187 861 intel·

86 881 611 993 ligitvicinisHebraeorum,
636 912 802 996 quorum
823 910 971 969 morem
986 885 1187 974 Phoeniffis

70 993 297 1102 Euripides
315 993 364 1078 fic
378 994 566 1105 expreffit‚

257 1111 430 1191 rnvnrn‘r'e
452 1103 543 1210 'idios
566 1103 735 1199 wauslini

123 1263 125 1266 ·
210 1226 213 1231 ’
258 1209 400 1317 Σίἷιαιξ,
430 1213 481 1295 eir
502 1214 609 1308 timim
623 1216 709 1320 rigor
730 1206 859 1304 ricem,

257 1323 405 1434 Supplex
412 1321 478 1426 Te,
487 1324 581 1428 Rex,
591 1352 761 1404 venerans
776 1320 926 1432 genubus

257 1434 384 1512 Patrio
407 1431 572 1513 advolvor
590 1430 634 1512 de
658 1461 750 1521 more
763 1432 848 1514 mis.

81 1535 281 1650 Josephus'
296 1539 344 1623 de
357 1543 512 1627 Doride
524 1540 672 1624 Saulem
688 1568 816 1652 regem
830 1560 1051 1646 venerante,
1079 1560 1185 1631 wern-

77 1680 219 1750 nurerror
242 1647 334 1732 airis
348 1643 525 1735 moritolii
537 1647 715 1742 vedommu,
742 1648 788 1735 tir
805 1647 883 1748 iJor,
910 1671 1095 1733 veneratur
1109 1678 1186 1731 eum

82 1773 216 1867 prmus
230 1759 368 1863 radent,
393 1779 434 1842 ur
455 1763 555 1842 morri
568 1759 626 1870 est.
670 1765 724 1841 At
746 1757 849 1868 tiqui
866 1761 908 1842 in
933 1783 1050 1870 gente
1066 1761 1099 1845 is
1119 1786 1186 1871 ge·

89 1865 167 1949 stus
194 1888 347 1952 tantum
372 1868 414 1950 in
438 1898 480 1952 re
498 1868 647 1954 Divina
666 1866 883 1978 usurpetur,
906 1869 984 1981 jam
1004 1897 1092 1953 eum
1120 1896 1188 1954 co·

88 2002 173 2059 ram
191 1980 301 2089 Rege
317 1973 498 2089 usurpare
517 1978 664 2073 licitum
679 2005 761 2060 non
777 1978 864 2062 erit.
903 1980 973 2063 Ob
995 1979 1036 2062 id
1046 1978 1189 2082 Greci,

87 2084 231 2195 quibus
240 2088 430 2196 prosterni
440 2087 514 2199 nist
538 2087 579 2170 in
591 2087 702 2171 sa'cris
718 2113 806 2170 mos
814 2100 898 2170 non
910 2108 1004 2190 erat,
1015 2114 1065 2171 eo
1078 2113 1188 2171 more

89 2198 267 2292 venerari
280 2193 474 2280 Persarum
492 2202 640 2305 Regem
655 2198 829 2298 noluere,
853 2195 1038 2306 utpaffim
1065 2222 1115 2278 ex
1128 2194 1190 2278 hi·

92 2302 219 2387 storiis
248 2302 457 2390 discimus*
473 2314 532 2390 Et·
542 2307 781 2390 Christianus
799 2304 903 2414 apud
926 2315 1189 2391 sozomenum

90 2411 289 2498 Persarum
312 2421 460 2527 Regem
488 2437 689 2499 veneratus
716 2413 862 2499 destitit
886 2419 1029 2524 postea,
1054 2413 1124 2497 ubi
1147 2412 1188 2496 id

89 2523 322 2608 alioversum
341 2524 633 2633 interpretando
646 2524 750 2607 trahi
766 2524 884 2609 videt.
911 2525 1040 2611 Etiam
1056 2550 1189 2607 eoram

89 2631 324 2742 imaginibus
349 2645 631 2744 Imperatorum
648 2634 897 2742 procumbere
912 2663 994 2717 non
1020 2631 1188 2715 alienum

89 2739 207 2824 &sul
232 2743 420 2855 religione
445 2744 623 2827 arbitrati
647 2745 736 2826 sunt
750 2742 982 2828 Christiani:
1010 2749 1065 2827 At
1086 2742 1188 2851 post·

92 2877 209 2958 quom
239 2848 313 2935 suis
334 2853 563 2963 imaginibus
586 2851 769 2938 falsorum
799 2858 976 2936 Deorum
1004 2851 1190 2959 imagines
1229 2899 1235 2907 ·

92 2956 185 3042 addi
211 2960 364 3070 jusserat
390 2963 588 3073 Julianus,
627 2961 895 3072 prudentiores
922 2961 1021 3044 mala
1043 2959 1189 3069 quaevis

92 3069 226 3177 potius
252 3071 452 3154 toleranda
476 3070 643 3172 duxere,
678 3096 792 3180 quam
815 3095 860 3154 ut
888 3071 943 3153 ibi
962 3071 1189 3178 procumbe·

91 3199 200 3261 rent:
230 3183 599 3290 NarratGregorius
613 3179 897 3264 Nazianzenus.
925 3177 1190 3289 Tertullianus

92 3285 144 3370 ad
167 3284 369 3397 scapulam,
396 3288 537 3373 Colimus
550 3318 626 3401 ergo
647 3293 889 3478 Irrpmatorem
904 3289 955 3396 fic
970 3286 1132 3396 quomodo
1154 3295 1190 3368 ὅ

91 3393 186 3478 nolti
199 3396 292 3501 licet,
316 3407 352 3482 ὅ
376 3399 441 3510 rpfi
447 3397 596 3510 expedit,
622 3418 661 3478 ut
705 3397 884 3481 ominemlr
907 3403 979 3479 Deo
991 3397 1192 3508 secundum,

91 3513 129 3588 ὅ
144 3503 313 3620 quicquid
333 3505 420 3620 esti
446 3511 519 3589 Deo
531 3509 749 3612 consecutum,
775 3514 809 3589 εὔ
822 3509 895 3617 solo
911 3511 982 3589 Deo
1003 3507 1190 3588 minorem:

97 3613 204 3697 Idem
218 3615 396 3704 adversus
417 3621 576 3720 Gentes,
601 3615 810 3727 Temperans
833 3615 1044 3732 majestatem
1056 3616 1190 3724 Cosarr'r

96 3719 197 3828 infir
213 3730 346 3816 Deum:
391 3730 498 3836 magri
523 3729 616 3810 illum
634 3724 824 3808 commendo
847 3732 932 3834 Deo,
957 3726 1092 3836 trifoli
1107 3722 1192 3845 snb·
1253 3750 1256 3757 ’

87 3827 201 3944 jicio}
217 3833 363 3949 firbjicio
383 3855 511 3941 autem,
535 3838 590 3917 cui
616 3833 853 3947 nonadaequo:
882 3850 917 3922 δι
930 3865 1036 3920 mox.
1063 3839 1193 3917 Dicam

85 3941 196 4050 plane
215 3946 460 4057 Imperatorem
486 3944 672 4050 dominum,
694 3944 758 4052 sed
780 3944 914 4059 quando
941 3976 1007 4029 non
1035 3972 1130 4056 rogor
1155 3960 1195 4021 rt

95 4047 271 4136 dominum
285 4054 354 4140 Dei
366 4055 441 4149 trice
460 4053 588 4140 dican.
789 4063 792 4070 '

669 4172 705 4256 E
723 4199 745 4252 2
1122 4160 1236 4240 ‘xxm
