2588 4448
346 269 399 274 ψ,
494 156 751 293 Institutio.
1013 238 1016 246 s
1114 189 1173 260 11

76 313 154 403 Nil
173 313 231 396 illi
249 314 407 423 posthac
426 310 591 423 superest
609 311 970 399 curae'vemetltsve?
1082 350 1083 353 Ν

135 432 271 508 Manet
285 422 404 536 usque
420 421 544 507 sensus
560 417 733 532 praelium
749 435 785 510 ὅ(
799 425 939 508 mentis
953 424 1078 506 bonae.

77 541 239 619 Bmtam
255 533 372 623 animi
389 555 536 642 partem
552 560 638 644 quae
653 531 765 616 nobis
777 560 883 615 arma
899 539 1079 631 co'e'rcent
1091 539 1112 613 ?

133 643 261 751 Fides,
287 641 364 724 Dei
379 670 470 743 vox,
485 670 573 751 pax,
587 669 726 749 preces,
742 641 940 752 jejunium.
1159 640 1163 647 ’

76 751 365 861 Corre&is·jam
389 752 495 833 nulla
508 772 666 833 manent
686 750 1011 874 vestigiaculpae?
1123 793 1134 855 j
1186 824 1188 828 .
1239 750 1241 756 ’

133 867 231 942 Haec
246 859 325 969 ipsa
341 864 477 969 magna*
491 859 545 965 est
566 860 677 969 culpa
697 860 863 943 blandiri
878 857 958 968 libr.

75 978 187 1076 Ergo
202 966 299 1078 quid
316 973 381 1073 eli,
394 971 436 1050 in
448 987 531 1079 quo
541 969 664 1052 vincit
687 997 790 1052 nova
810 969 891 1053 vita
911 968 1124 1053 vetustam?

134 1075 256 1268 Qd
271 1077 366 1160 vitia
383 1077 571 1159 debellata
587 1077 664 1160 fine
677 1104 801 1200 regno
819 1079 958 1188 jacent.
1047 1079 1049 1082 ⁴

81 1191 169 1294 Lap
185 1182 340 1268 antesn‘e
352 1192 482 1270 Deum
502 1186 657 1296 poffuut
671 1211 838 1269 retinere
850 1189 1071 1272 laventem?

136 1297 255 1378 Labis
268 1296 446 1406 reliquias
470 1293 592 1377 donat
604 1295 659 1378 ob
671 1296 866 1381 Christum
880 1303 1004 1381 Pater.
1039 1390 1043 1397 ,

79 1404 274 1512 Lympha·
287 1407 536 1488 revicturum
547 1407 623 1515 qu?
645 1404 766 1514 signat
782 1405 950 1514 imagine
964 1410 1137 1514 corpus?

135 1517 353 1622 Surg'emus‚
365 1514 555 1596 urinator
574 1535 620 1595 ut
633 1515 773 1625 pelago
795 1511 905 1597 solet.

78 1627 185 1727 Qsae
204 1625 300 1726 loca,
324 1624 398 1726 dic,
415 1625 559 1706 animas
575 1621 664 1705 sunt
677 1645 883 1734 exceptura
899 1624 1080 1734 piorum?

140 1731 302 1818 Chrilbo'
321 1733 531 1814 manebunt
544 1731 734 1814 ultimum·
745 1733 887 1839 juncta
900 1732 1016 1818 diem.

82 1840 156 1926 Ille
171 1840 252 1924 dies
266 1841 352 1950 quis
368 1841 468 1924 erit?
493 1869 591 1951 quos
605 1840 798 1925 illucescet
816 1841 857 1924 in
872 1841 989 1927 usus?

140 1951 301 2036 Cineres
321 1950 457 2034 citabit
472 1951 566 2034 civis
578 1949 728 2033 aetherii
748 1951 854 2034 tuba.

80 2068 137 2144 Et
151 2086 220 2141 cur
234 2056 395 2156 infernis
413 2087 463 2142 ex
477 2057 625 2143 sedibus
642 2060 720 2142 olla
741 2056 964 2170 resurgent?
1117 2160 1120 2166 Ι

138 2175 201 2253 Ut
215 2167 449 2278 aequafactis
463 2171 631 2277 praemia,
657 2189 725 2251 aut
738 2195 864 2277 paenas
879 2167 1019 2253 ferant.

88 2278 174 2387 Qi
187 2276 317 2361 statuit
331 2278 504 2362 Christus
517 2279 627 2386 paenb
647 2276 827 2360 damnare
840 2279 1025 2364 rebelles?

140 2387 315 2498 Flamini
338 2386 511 2496 perenni,
536 2398 573 2473 bt
592 2407 727 2470 morte·
739 2413 827 2497 quae
846 2385 965 2471 nescit
985 2387 1099 2472 mori.
1204 2447 1205 2451 a

82 2500 145 2578 At·
154 2522 242 2602 quae
257 2495 361 2579 dona
373 2496 447 2606 piis
461 2496 614 2579 bonitas
624 2496 774 2579 Divina
786 2497 963 2606 paravit?
1077 2513 1089 2526 ·“

138 2603 415 2688 Nondefitura
435 2604 575 2714 gaudia
589 2605 720 2708 animi,
747 2616 783 2690 ἃ
804 2608 992 2715 corporis.

83 2720 338 2822 Exurgentne
351 2714 491 2797 iterum
506 2711 651 2824 dilapsa
668 2712 859 2798 cadavera
870 2714 986 2799 tabo?

141 2832 203 2905 Ita
214 2824 433 2905 excitantur
448 2823 550 2904 farra
564 2821 864 2933 corruptosat'u.

84 2932 214 3038 Qale
231 2933 335 3040 prius
354 2929 482 3015 fuerat
494 2956 647 3039 corpus,
673 2959 765 3014 num
782 2935 861 3015 tale
875 2931 1045 3016 redibit?

84 3104 86 3108 -
140 3046 261 3124 Nou:
288 3040 353 3130 sed
374 3068 556 3151 perenne,
575 3040 638 3122 ‘ful
670 3041 787 3146 idum,
807 3038 1182 3152 a³‚therium,vigeus'⁴

84 3149 233 3234 Ullane
248 3150 323 3232 erit
334 3150 511 3254 thalami,
529 3067 707 3260 potblire,
729 3150 855 3236 tibive
875 3148 1069 3260 cupido?

140 3260 495 3364 Fruemur‚horum
511 3258 639 3364 nescii,
659 3286 746 3342 aevo
758 3259 936 3343 caelitum.

82 3367 333 3452 Lustrabitne
348 3368 494 3471 oculos,
506 3390 572 3450 aut
583 3365 654 3470 sol,
680 3389 754 3450 aut·
768 3395 911 3452 cornua
924 3372 1076 3454 Lunae?
1170 3459 1174 3475 ι
1266 3402 1268 3407 ·

140 3483 280 3560 Unum
300 3477 412 3587 jubar
432 3477 579 3560 Divina
596 3477 772 3586 Majestas
798 3478 885 3559 erit.
1168 3478 1177 3583 '-

52 3640 55 3645 ·
85 3587 224 3695 Qalis
247 3588 322 3668 erit
339 3585 453 3670 nobis
476 3586 532 3667 ibi
555 3585 836 3696 quaepromilla
860 3586 1064 3699 voluptas?
1168 3661 1170 3667 ,

21 3754 24 3759 «
105 3702 113 3734 ”
141 3695 306 3802 Qialem
323 3723 392 3780 nec
406 3694 520 3798 auris,
547 3722 618 3777 nec
638 3695 786 3798 oculus,
806 3721 877 3780 nec
898 3725 1004 3784 mens
1026 3698 1142 3809 capit.
1174 3706 1178 3714 '

87 3801 189 3895 Illuc
207 3805 462 3890 utreniasex
485 3804 621 3889 norml
647 3804 737 3885 vive
750 3804 914 3901 lavacri5

138 3911 313 4025 'Adjutor
329 3913 423 4006 adlit
440 3913 512 4003 ille
526 3911 596 4028 qui
613 3910 858 4110 juffitBDeus.
1134 4028 1186 4102 Ὃ

778 4054 802 4113 2
1087 4031 1136 4105 E
1191 4063 1208 4079 .
