2588 4448
99 123 193 221 118
350 233 354 241 ,
412 115 801 222 ’Μᾶκοίαῑὼκω
817 118 898 219 ad.
985 130 991 137 ’

94 271 286 376 Dionem,
313 269 640 377 Chrysostomum,
666 271 869 357 Philonem
892 269 1077 380 lndaenm,
1100 269 1188 371 Cle·

94 400 262 469 mentem
278 379 595 483 Alexandrinum,
621 395 657 466 ot
674 379 715 462 in
729 368 1058 483 Pseudosibyllinis
1068 380 1190 462 exstat

93 514 173 571 vox
192 485 306 596 stipala
329 517 378 573 eo
397 486 516 571 sensu.
546 489 667 597 Apice
681 489 831 572 literam
846 487 972 576 Resch
997 492 1020 568 a
1042 487 1193 571 Daleth

93 594 249 691 differre
269 598 369 682 dixit
385 598 657 701 Hieronymus.
711 595 976 709 Eundemque,
999 597 1040 679 ni
1061 596 1193 702 fallor,
1212 654 1217 683 ·.

93 700 242 787 sensum
261 706 399 813 recipit
420 703 511 790 aaa
532 707 638 815 quod
651 707 715 790 hic
728 702 858 812 posuit
879 707 1011 790 Arabs.
1047 704 1193 789 Libros

96 833 243 896 veteres
267 817 383 896 etiam
410 819 496 924 post
522 816 678 900 Esdram
704 813 783 899 tine
812 815 964 924 punistis
994 813 1193 899 vocalibus

95 918 209 1029 scribi
240 921 395 1029 solitos,
422 925 520 1009 adeo
547 923 642 1034 pers
659 923 754 1008 ienis
786 923 1017 1032 argumentis
1044 925 1071 1002 a
1099 920 1193 1029 siris

96 1029 232 1115 harum
246 1059 371 1114 rerum
383 1032 604 1127 doctissimis
617 953 1190 1136 iimonstratumelbutidam·

98 1136 201 1246 plius
221 1141 385 1224 inficiari
407 1172 488 1249 non
504 1141 573 1225 nili
598 1141 848 1250 pertinacium
864 1140 920 1224 stt.

160 1250 205 1328 ori
219 1248 266 1358 pir
287 1253 445 1362 παρέλθῃ
467 1248 534 1336 aad
547 1238 581 1334 g?
596 1255 686 1359 ripn,
712 1249 770 1334 ‘loe
784 1252 824 1332 ἂν
836 1249 942 1332 actim
957 1248 1080 1356 'iiim-
1107 1246 1197 1329 Non

89 1356 287 1466 preteribit
303 1364 326 1434 d
344 1363 443 1468 Lege,
467 1358 570 1443 denec
590 1358 840 1463 omniofiant]
868 1355 952 1466 napi
1013 1378 1016 1382 ’
1071 1359 1197 1440 estit-

100 1464 209 1568 rr'tum
224 1466 322 1572 fieri,
349 1489 393 1548 ut
407 1467 521 1563 ¹infra
542 1501 601 1569 24.
622 1499 678 1568 34.
703 1494 822 1577 quare
843 1465 902 1551 ἕως
917 1467 1020 1548 donec
1066 1467 1192 1549 ierim

101 1571 222 1658 habet
249 1573 551 1663 adversativam:
590 1581 683 1661 Non
709 1577 903 1686 peribunt,
931 1574 1076 1684 inquit,
1096 1574 1193 1684 quin

105 1681 188 1766 imo
204 1683 356 1793 penitus
376 1685 649 1794 implebuntur.
703 1687 823 1793 QJOd
845 1682 1043 1793 quomodo
1057 1683 1105 1767 ad
1125 1710 1197 1766 cae·

103 1792 295 1891 remonias
319 1791 434 1878 etiam
460 1797 663 1903 pertineat,
688 1794 991 1901 supradiximus.
1046 1791 1120 1876 Sed
1140 1789 1200 1874 ‘de

107 1898 292 1990 industria
313 1930 396 1985 eam
410 1931 491 1987 rem
506 1904 676 1988 Christus
689 1902 883 1988 obscurius
897 1904 1051 2004 tradat,
1078 1921 1197 1985 nete·

107 2007 278 2096 neriores
291 2013 438 2096 animos
451 2012 676 2097 offenderet.
713 2015 816 2097 Nam
834 2013 909 2094 hoc
923 2012 985 2096 vel
996 2011 1198 2120 praecipue,

109 2138 155 2202 ut
179 2121 387 2229 prudenter
413 2125 462 2205 ab
476 2123 647 2232 Origene
673 2119 726 2204 est
737 2140 965 2205 annotatum
979 2120 1084 2202 libro
1107 2147 1200 2203 cou-

110 2246 171 2310 tra
199 2228 351 2315 Celsum
372 2228 552 2335 secundo,
578 2231 680 2312 inter
705 2231 774 2312 illa
785 2252 866 2315 erat
888 2257 974 2338 quae
1000 2227 1070 2336 ipst
1094 2233 1204 2337 Apo-

110 2332 198 2417 stoli
220 2334 321 2421 ferre
337 2341 509 2425 nondum
531 2360 724 2448 poterant,
749 2339 1046 2448 &quamobrem
1069 2339 1204 2420 venire

105 2442 280 2668 giglgssatl
290 2449 458 2657 6Spirptus
477 2452 548 2589 qui
565 2476 632 2533 eos
647 2448 782 2533 duceret
800 2446 838 2529 in
857 2475 987 2528 omrem
1007 2443 1201 2577 aarum,

457 2668 472 2684 Ν

169 2698 228 2762 19.
256 2669 324 2746 miv
355 2677 486 2748 ὲνπλων
516 2667 631 2772 ra‘ruv,
670 2669 713 2747 de
736 2665 910 2748 mandasti
934 2661 1035 2774 ssei]
1063 2664 1203 2750 Hiero·

56 2817 74 2835 s
112 2800 249 2876 nymus
274 2775 322 2857 ad
361 2777 476 2859 verba
509 2777 626 2884 Legis
656 2775 774 2860 refert
787 2814 799 2867 ς
841 2773 975 2857 melius
993 2774 1070 2856 -alii
1100 2795 1207 2858 rete·

112 2909 198 2966 rum
220 2881 269 2964 ad
285 2885 461 2966 mandata
476 2887 602 2992 Regni
619 2887 823 2990 coelorum,
842 2914 929 2993 quae
950 2882 1037 2966 sunt
1053 2882 1100 2962 τὶ
1118 2883 1209 2976 wri-

114 3027 209 3099 ρωμα
226 2981 347 3100 ἷῗνὸμεΙ
361 2995 608 3103 implementum
623 2996 733 3104 Legti.
774 2997 868 3078 Ideo
888 3021 966 3076 non
981 2991 1077 3073 dicit
1089 2992 1207 3078 Chri·

116 3101 190 3184 stus
211 3102 336 3186 modim
353 3103 417 3184 idai
439 3099 503 3183 sed
526 3103 628 3186 virus
648 3103 711 3204 hri,
733 3102 933 3212 respiciens
949 3123 1032 3183 tum
1044 3097 1095 3188 ad
1111 3117 1208 3208 prae-

116 3211 311 3315 cedentia,
350 3213 390 3294 in
420 3212 556 3320 quibus
584 3209 652 3293 sub
681 3212 926 3301 beatitudinis
951 3208 1207 3318 descriptione

114 3323 386 3429 compendium
398 3320 591 3430 quoddam
603 3349 736 3403 eorum
751 3321 1020 3405 mandatorum
1033 3339 1206 3401 erattta·

115 3427 253 3533 ditum,
280 3452 362 3512 tum
385 3431 434 3512 ad
457 3430 663 3539 sequentia,
684 3458 770 3539 quae
790 3430 969 3513 fufiorem
981 3444 1119 3511 eorum
1140 3452 1208 3508 ex·

116 3535 366 3644 plicationem
392 3540 605 3640 continent.
659 3543 724 3623 Est
740 3538 968 3627 autemtalis
988 3535 1134 3621 Christi
1150 3562 1213 3618 ar·

115 3648 425 3754 gumentatio,s1
453 3653 596 3759 Legem
625 3647 802 3757 rumpere
817 3647 933 3733 nulli.
953 3645 1213 3752 licet,.multo

117 3756 244 3840 minus
256 3747 412 3876 impune
429 3756 611 3868 fereequi
627 3785 671 3839 ea
683 3758 979 3871 ruperiuquibus
995 3781 1213 3864 praeparan·

117 3860 176 3946 dis
188 3872 280 3948 'Lex
306 3865 520 3950 ancillatur.
542 3878 582 3958 ·.V
583 3868 646 3950 ide
666 3871 767 3952 Heb.
782 3871 975 3953 a.=a·.··8ua³
988 3863 1212 3947 autemteffe

118 3972 217 4056 talia‘
230 3975 399 4058 ostendit
423 3975 465 4057 in
486 3975 739 4090 sequentibus,
763 3978 855 4082 λέγω
877 3969 1212 4084 mretricem

117 4081 221 4193 vobi,
237 4096 273 4174 ἃ
289 4083 478 4196 deinceps.
639 4145 641 4149 η
793 4091 799 4099 ’
1140 4080 1212 4164 τῶν
