2588 4448
121 194 156 294 6
338 180 718 327 Baptizatorum
734 188 1010 291 Puerorum
1079 286 1086 301 ,

117 329 228 431 Ergo
241 317 328 405 satis
344 322 496 429 praestat
510 346 645 409 manus
659 321 864 431 impolluta
886 322 1060 436 rapinis?

175 436 261 515 Rea
278 431 517 540 &cupiditas
529 457 616 540 quae
627 427 686 511 sui
701 428 819 513 nescit
834 434 1008 518 modum.

119 543 219 627 Non
241 538 654 628 &divitibuscoelestis
669 560 785 652 porta
799 540 984 649 patescit?

177 653 341 734 Ateium
368 650 489 735 intrat
501 648 821 763 aegre‚fiquisest
843 652 1059 737 distentior.

119 760 230 864 Qid
254 766 357 842 Deus
374 758 512 844 indicit
525 761 665 872 quibus
677 762 732 845 ert
744 762 971 884 opulentior
990 767 1102 848 arca?

178 873 397 956 Removere
412 869 565 976 fastum,
591 897 787 953 muneram
807 870 976 984 largiter.

120 981 356 1089 Pauperibus
369 975 510 1066 collata
536 986 642 1066 Deus
656 1008 743 1092 quae
757 1000 916 1064 munera
938 982 1106 1089 laudat?

176 1094 289 1173 Laete
300 1089 391 1174 data
410 1086 577 1192 homini,
603 1118 684 1174 uon
701 1089 860 1197 honori,
885 1112 951 1175 aut
967 1095 1115 1203 gratiae.

30 1190 37 1213 ¹
121 1197 197 1284 Sed
213 1222 336 1285 metus
358 1203 413 1285 est
437 1202 564 1312 largos
580 1229 628 1283 ne
645 1197 728 1283 sera
741 1195 921 1310 sequatur
945 1205 1117 1286 eoestas?

177 1310 355 1413 Sufficere
375 1311 519 1396 debent
533 1309 659 1413 vestis,
684 1309 926 1416 alimentum,
978 1338 1099 1396 omus.

122 1422 254 1526 Qiem
275 1421 372 1505 mihi
392 1416 616 1528 sponsorem
629 1420 695 1504 das
707 1420 789 1502 haec
802 1445 885 1505 non
897 1419 1033 1506 defore
1047 1417 1190 1506 nobis?

177 1529 438 1639 Quipafferes
453 1529 537 1634 alit,
563 1550 679 1642 atque
694 1530 808 1616 vestit
831 1530 924 1635 lilia.
945 1540 962 1619 ’,
998 1550 1001 1556 ’

123 1642 271 1733 Annon
288 1636 504 1750 prospicere
525 1641 580 1722 est
606 1667 760 1751 aequum
776 1666 863 1749 quae
884 1639 966 1725 vita
982 1637 1172 1751 requirit?

156 1747 160 1755 ’
180 1751 325 1834 Nostra
337 1749 378 1833 in
394 1749 496 1834 diem
514 1749 560 1833 sit
572 1777 676 1853 cura,
703 1749 751 1832 de
771 1750 924 1858 reliquo
941 1750 1034 1837 Dei.

122 1857 289 1950 Mentiri
304 1885 354 1941 an
374 1859 539 1943 vetitum
555 1858 699 1942 Christi
713 1881 905 1968 praecepta
925 1854 1091 1944 secutis?

179 1967 309 2060 Etiam
328 1968 497 2053 cavenda
509 1969 651 2079 jurgia,
676 1983 711 2056 ὅ(
738 1970 964 2078 loquacitas.
1097 2070 1101 2078 p

123 2076 371 2165 Permittitne
388 2079 496 2189 jocos
517 2081 663 2162 exadtae
681 2080 813 2191 regula
837 2078 955 2163 vitae?

179 2186 379 2272 Obscoena
400 2187 508 2272 diua
521 2188 709 2272 maximus
721 2185 873 2274 Censor
888 2210 1014 2277 notat.

123 2297 226 2406 Qiae
247 2296 520 2408 nostrisigitur
535 2298 678 2408 linguis
699 2298 873 2383 concessa
887 2301 1093 2410 voluptas?

180 2408 364 2490 Praeclara
378 2407 543 2513 monita,
568 2435 647 2493 vox
670 2408 766 2515 Dei,
792 2438 947 2492 carmen
968 2409 1090 2518 pium.

126 2518 371 2626 Arguiturne
393 2517 510 2602 etiam
535 2540 816 2628 nonnunquam
842 2519 956 2631 culpa
971 2518 1160 2627 tacentis?

15 2677 22 2725 ς
183 2626 387 2736 Si·prodat
411 2625 581 2712 hominis
602 2631 688 2740 jura
703 2631 767 2713 sel
791 2628 984 2713 honorem
1001 2628 1092 2712 Dei.

15 2749 19 2764 ²
125 2736 248 2855 Qud
264 2759 394 2821 manet
410 2738 512 2820 intra
525 2736 646 2822 animi
661 2740 755 2821 fines
781 2768 832 2821 an
857 2740 943 2850 lege
963 2735 1132 2823 solutum
1151 2736 1230 2821 est?

183 2844 353 2931 Consilia
366 2845 494 2931 cordis
512 2874 630 2956 prava
650 2848 884 2934 condemnat
909 2855 1026 2933 Deus.

125 2958 229 3063 Qae
242 2981 318 3040 tres
331 2956 530 3066 decipiunt
553 2959 735 3044 mortalia
750 2963 910 3068 pectora
927 2957 1075 3069 pestes?

71 3082 75 3092 ’
183 3071 327 3173 Fastus,
352 3081 388 3155 ὃ(
403 3066 582 3176 aviditas,
609 3081 644 3156 ὅ(
669 3070 846 3176 voluptas
867 3068 1054 3177 corporis.

40 3273 46 3281 Ι
129 3177 185 3270 At
204 3205 272 3285 per
293 3207 391 3289 quos
413 3176 557 3288 dilapsa
582 3177 721 3290 gradus
737 3177 908 3287 peritura
921 3176 1001 3261 tuit
1015 3184 1150 3262 mens?

183 3289 288 3370 Parit
300 3286 446 3398 cupido
460 3287 621 3393 facinus,
647 3286 688 3369 id
707 3307 870 3371 mortem
885 3286 998 3398 parit.

128 3396 251 3503 Qod
268 3419 384 3506 caput
408 3399 462 3480 est
484 3424 625 3501 rerum,
642 3426 735 3508 quas
752 3399 813 3480 lex
828 3394 1051 3507 praescripsit
1058 3393 1178 3511 Jesu?

186 3511 352 3592 Crucem
375 3506 515 3611 subire,
540 3507 659 3592 semet
680 3536 702 3588 a
728 3504 766 3589 se
789 3508 978 3592 abdicere.

129 3616 268 3727 Qalis
278 3616 399 3699 homo
409 3619 650 3720 est,Christus
660 3638 776 3728 quem
784 3618 967 3727 praedicat
975 3616 1047 3704 effe
1056 3615 1232 3699 beatum?

185 3735 376 3831 Maerens,
403 3726 625 3836 misericors,
644 3754 775 3838 purus,
796 3726 977 3831 esuriens,
996 3729 1123 3837 inops.

129 3837 240 3945 Quid
254 3834 410 3945 placidi,
437 3837 561 3944 mites,
586 3840 641 3923 ob
660 3838 790 3955 Jesum
816 3836 925 3930 sueva
941 3834 1135 3923 ferentes?

129 3941 133 3949 ’
186 3951 271 4042 Hos
292 3975 361 4061 par
378 3948 535 4042 vetustis
553 3950 717 4042 Vatibus
733 3975 874 4040 merces
898 3969 1041 4042 manet.
1149 4052 1209 4145 Ed

1211 4081 1235 4140 e
