2588 4448
105 199 207 296 242
428 158 783 262 Adnotationes
810 157 885 259 ad

104 316 168 401 hic
194 314 402 425 supplenda
421 312 624 417 sententia,
655 314 790 396 addito
812 314 933 419 uiua
958 311 1091 422 potius.
1134 315 1183 394 Ut

104 428 209 507 enim
224 426 362 507 iterum
386 425 578 530 vapulare,
593 421 786 532 majusque
804 420 984 511 damnum
1012 421 1187 529 accipere,

105 534 161 616 ita
182 533 536 642 &duplumoperae
558 532 636 640 ejus
647 557 731 640 quae
752 531 925 639 exigatur
939 529 1188 637 praestarenos

102 640 218 723 satius
238 643 304 743 est,
330 668 443 751 quam
459 640 646 725 ultionem
666 660 731 721 aut
745 666 813 745 per
826 669 896 723 nos
918 637 1021 746 ipsos
1037 659 1113 727 aut
1127 664 1187 746 pet

107 750 252 859 ludices
273 749 442 858 exigere,
478 771 546 831 aut
574 748 653 830 alio
676 749 815 857 quovis
840 749 959 831 modo
974 746 1186 856 peccarem

102 850 288 964 diligendi
299 866 455 968 Legem.
495 865 691 948 Auteerte
705 856 780 939 hoe
799 857 884 941 vult
899 857 1095 960 Christua.
1110 881 1186 966 qua

103 967 271 1079 praestari
302 980 324 1049 a
348 966 459 1049 nobis
483 965 560 1047 fine
585 991 727 1072 magno
751 966 1000 1048 incommodo
1016 965 1184 1072 :poliunt

131 1075 225 1156 ualis
247 1076 300 1157 est
325 1075 481 1158 miliaris
508 1072 619 1157 unius
637 1074 970 1182 deambulatio,ea
995 1101 1186 1157 uourecu·

98 1102 217 1265 iiuada
237 1183 383 1265 etiamsi
405 1210 474 1292 per
495 1182 673 1290 injuriam
696 1184 921 1292 exigantur:
950 1192 1138 1286 Irenaeus,¹
1155 1199 1185 1260 at

102 1319 170 1371 nan
194 1293 292 1402 quast
300 1292 425 1399 servus
444 1291 597 1400 sequani
609 1289 681 1397 sed
690 1295 788 1400 quast
795 1291 878 1371 liber
895 1290 1086 1401 pracedat.
1123 1292 1187 1377 Ni·

101 1398 160 1482 hil
174 1423 301 1482 autem
314 1403 395 1482 haec
407 1402 571 1502 obstant,
596 1427 677 1508 quo
691 1402 816 1485 minus
829 1400 984 1508 placidis
1004 1421 1122 1509 atque
1140 1398 1186 1481 se·

103 1508 202 1592 datis
220 1509 431 1592 rationibus
447 1509 581 1616 jugum
605 1535 722 1617 grave
738 1513 768 1589 a·
780 1510 890 1592 nobis
911 1536 1125 1602 arceamus.¹
1151 1507 1185 1592 Si

100 1616 190 1697 liber
203 1620 266 1722 effe
277 1635 389 1726 potes,
416 1618 543 1726 inquit
556 1619 704 1720 Paulus,
729 1648 766 1697 eo
780 1620 895 1726 potius
914 1619 1037 1722 utitor,
1049 1631 1100 1720 ὃς,
1119 1621 1185 1699 Nu·

101 1724 255 1826 litefieri
264 1728 365 1829 jervi
386 1723 569 1828 homiuum,
587 1757 602 1805 1
623 1731 716 1810 Cor.
729 1759 762 1817 7.
775 1759 870 1829 21,2
877 1755 907 1824 3.
948 1726 1133 1821 Estenim
1146 1725 1186 1807 ad

100 1858 161 1914 res
195 1835 333 1916 multas
369 1834 533 1944 agendas
566 1835 855 1923 instrumentum
891 1836 1037 1942 partim
1088 1837 1184 1936 utile,

101 1940 242 2046 partim
265 1944 507 2024 necessarium
532 1942 707 2025 libertas:
735 1963 883 2026 utnon
905 1941 1107 2035 immerito
1130 1970 1181 2031 ve·

101 2068 161 2135 tus
178 2058 295 2135 Po'e‘ta
308 2051 463 2154 dixerit,
729 2147 730 2150 g
839 2114 842 2120 .
908 2110 911 2115 -
1076 2138 1083 2149 ,

97 2248 102 2255 ,
212 2185 313 2264 Huzai
334 2165 386 2249 ‘tis
400 2162 517 2270 ’Χςεπῖς
537 2153 681 2271 Xmuipea
695 2157 811 2243 itineri
836 2155 931 2272 ἦμαρ.
1045 2250 1048 2255 ,

211 2269 375 2349 Dimidia
400 2274 634 2350 virtutemne
644 2269 780 2375 servire
800 2270 946 2352 mustus,
1019 2360 1022 2365 ,

138 2472 143 2483 ι
156 2403 217 2472 42.
246 2375 299 2484 Τῷ
312 2377 433 2460 ιᾶτέντῖ
450 2414 481 2457 ua
493 2371 589 2456 iiico·
618 2378 692 2486 Qt‘
707 2379 834 2486 petita
848 2380 943 2462 teda
958 2379 1037 2482 eit]
1063 2381 1182 2475 Aliam

100 2508 253 2564 morum
272 2506 418 2591 partem
446 2485 617 2570 Christus
639 2488 807 2590 ordinat,
832 2514 914 2583 eam
943 2485 1091 2570 scilieet
1104 2514 1182 2597 ¹qua

100 2592 148 2672 ad
166 2593 348 2676 beneficia
367 2597 549 2702 pertinet,
572 2618 615 2676 ut
629 2597 732 2675 recle
751 2595 916 2703 explicat
928 2596 1183 2681 Tertullianus

99 2699 276 2785 adversus
291 2702 529 2786 Marcionem
545 2732 581 2802 4.
620 2704 862 2805 Beneficium·
883 2726 1017 2797 autem¹
1028 2705 1185 2796 maxime

98 2810 342 2892 neceffarium
363 2814 416 2894 est
431 2811 626 2895 sublevare
644 2834 820 2920 egentes:
848 2812 927 2918 Qui
942 2810 1072 2897 solent
1096 2814 1186 2897 duo·

100 2945 185 3000 rum
205 2920 278 3001 else
306 2947 501 3029 generum,
528 2942 594 3003 aut
615 2925 720 3001 enim
737 2919 824 3004 sunt
837 2922 948 3019 vllaxu
968 2922 1099 3032 inopes,
1124 2921 1186 3031 qui

97 3027 241 3110 nullam
267 3025 370 3138 spem
396 3031 539 3111 habent
554 3025 738 3110 reddendi
758 3032 864 3138 quod
884 3030 1098 3135 accipitur:
1126 3054 1186 3115 aut

97 3132 186 3217 sunt
211 3136 363 3240 ὲῳνιςαξ,
391 3138 457 3248 qui
486 3137 718 3246 temporarii
744 3136 902 3220 fortuna
922 3140 1057 3235 afflicti
1078 3168 1187 3248 pecu·

98 3246 201 3325 niam
216 3275 297 3328 non
322 3247 501 3329 donatam
530 3245 592 3328 sed
612 3269 785 3335 mutuam
804 3248 1009 3353 postulant.
1054 3251 1120 3332 Ab
1134 3248 1187 3347 liis

98 3351 218 3458 igitur
247 3355 438 3437 beneficiis
467 3381 552 3463 quae
578 3383 663 3445 ,non
685 3376 763 3436 tam
791 3355 940 3437 homini
966 3355 1185 3462 praellantur

96 3487 211 3566 quam
234 3462 475 3554 humanitati,
504 3464 692 3544 neminem
716 3463 800 3545 vult
824 3463 994 3563 Christus
1015 3464 1186 3548 excludi:

125 3571 203 3651 uod
217 3570 319 3653 haud
334 3572 448 3654 dubie
461 3600 509 3653 ex
523 3572 624 3679 aequi
641 3573 810 3678 bonique
822 3574 951 3680 regula
969 3573 1188 3683 intelligen·

96 3596 189 3757 ium
201 3678 266 3779 est,
278 3702 463 3786 quatenus
477 3692 512 3766 &
526 3680 661 3761 nostrae
675 3679 872 3762 facultates
883 3680 1027 3783 ferunt,
1039 3696 1075 3769 &
1090 3683 1207 3790 ipso-a

95 3808 181 3865 tum
198 3786 386 3870 neceffitas
401 3790 579 3895 pustulat,
606 3811 648 3870 ut
664 3791 798 3870 Paulus
813 3791 858 3872 ad
877 3791 1110 3875 Corinthios
1120 3795 1186 3875 do·

77 3894 167 3976 ‘ceu
197 3893 358 4001 Qodsr
382 3899 560 3978 omnibus
586 3897 825 3983 sublevandis
839 3927 944 4004 pares
960 3929 1046 4002 non>
1065 3899 1184 4002 fimus,

94 4028 246 4109 :equum
266 4003 319 4113 est
334 4031 399 4088 eos
412 4004 581 4115 praeferri
598 4036 695 4115 quus
716 4006 869 4116 pietatis
882 4009 1062 4120 profeffio
1075 4012 1185 4093 nobis

91 4111 304 4224 coirjungit.
533 4117 536 4120 ’
865 4204 867 4208 ,
995 4113 1181 4229 tuing,
